[{
  "Order_ID": "CA-2015-105690",
  "Order_Date": "2015-11-21",
  "Customer_ID": "CA-11965",
  "State": "Texas",
  "Region": "Central",
  "Category": "Technology",
  "Sub_Category": "Copiers",
  "Sales": "439.99",
  "Quantity": "1.0",
  "Discount": "0.2",
  "Profit": "165.0"
}, {
  "Order_ID": "US-2017-124779",
  "Order_Date": "2017-09-08",
  "Customer_ID": "BF-11020",
  "State": "Texas",
  "Region": "Central",
  "Category": "Technology",
  "Sub_Category": "Copiers",
  "Sales": "319.98",
  "Quantity": "2.0",
  "Discount": "0.2",
  "Profit": "107.99"
}, {
  "Order_ID": "CA-2015-109190",
  "Order_Date": "2015-10-23",
  "Customer_ID": "CC-12685",
  "State": "Texas",
  "Region": "Central",
  "Category": "Technology",
  "Sub_Category": "Copiers",
  "Sales": "479.98",
  "Quantity": "3.0",
  "Discount": "0.2",
  "Profit": "161.99"
}, {
  "Order_ID": "CA-2014-139892",
  "Order_Date": "2014-09-08",
  "Customer_ID": "BM-11140",
  "State": "Texas",
  "Region": "Central",
  "Category": "Office Supplies",
  "Sub_Category": "Art",
  "Sales": "9.94",
  "Quantity": "3.0",
  "Discount": "0.2",
  "Profit": "2.73"
}, {
  "Order_ID": "CA-2014-139892",
  "Order_Date": "2014-09-08",
  "Customer_ID": "BM-11140",
  "State": "Texas",
  "Region": "Central",
  "Category": "Office Supplies",
  "Sub_Category": "Art",
  "Sales": "32.06",
  "Quantity": "6.0",
  "Discount": "0.2",
  "Profit": "6.81"
}, {
  "Order_ID": "CA-2017-152275",
  "Order_Date": "2017-10-01",
  "Customer_ID": "KH-16630",
  "State": "Texas",
  "Region": "Central",
  "Category": "Office Supplies",
  "Sub_Category": "Art",
  "Sales": "6.67",
  "Quantity": "6.0",
  "Discount": "0.2",
  "Profit": "0.5"
}, {
  "Order_ID": "CA-2014-133753",
  "Order_Date": "2014-06-09",
  "Customer_ID": "CW-11905",
  "State": "Texas",
  "Region": "Central",
  "Category": "Office Supplies",
  "Sub_Category": "Art",
  "Sales": "70.37",
  "Quantity": "2.0",
  "Discount": "0.2",
  "Profit": "6.16"
}, {
  "Order_ID": "CA-2014-135405",
  "Order_Date": "2014-01-09",
  "Customer_ID": "MS-17830",
  "State": "Texas",
  "Region": "Central",
  "Category": "Office Supplies",
  "Sub_Category": "Art",
  "Sales": "9.34",
  "Quantity": "2.0",
  "Discount": "0.2",
  "Profit": "1.17"
}, {
  "Order_ID": "CA-2017-136539",
  "Order_Date": "2017-12-28",
  "Customer_ID": "GH-14665",
  "State": "Texas",
  "Region": "Central",
  "Category": "Office Supplies",
  "Sub_Category": "Art",
  "Sales": "27.17",
  "Quantity": "2.0",
  "Discount": "0.2",
  "Profit": "2.72"
}, {
  "Order_ID": "CA-2016-148698",
  "Order_Date": "2016-05-02",
  "Customer_ID": "BD-11770",
  "State": "Texas",
  "Region": "Central",
  "Category": "Office Supplies",
  "Sub_Category": "Art",
  "Sales": "86.35",
  "Quantity": "3.0",
  "Discount": "0.2",
  "Profit": "5.4"
}, {
  "Order_ID": "CA-2017-152485",
  "Order_Date": "2017-09-04",
  "Customer_ID": "JD-15790",
  "State": "Texas",
  "Region": "Central",
  "Category": "Office Supplies",
  "Sub_Category": "Art",
  "Sales": "10.19",
  "Quantity": "7.0",
  "Discount": "0.2",
  "Profit": "3.19"
}, {
  "Order_ID": "CA-2017-152485",
  "Order_Date": "2017-09-04",
  "Customer_ID": "JD-15790",
  "State": "Texas",
  "Region": "Central",
  "Category": "Office Supplies",
  "Sub_Category": "Art",
  "Sales": "13.12",
  "Quantity": "5.0",
  "Discount": "0.2",
  "Profit": "3.77"
}, {
  "Order_ID": "US-2016-132423",
  "Order_Date": "2016-04-15",
  "Customer_ID": "MY-18295",
  "State": "Texas",
  "Region": "Central",
  "Category": "Office Supplies",
  "Sub_Category": "Art",
  "Sales": "33.49",
  "Quantity": "7.0",
  "Discount": "0.2",
  "Profit": "5.86"
}, {
  "Order_ID": "CA-2017-158876",
  "Order_Date": "2017-11-19",
  "Customer_ID": "AB-10150",
  "State": "Texas",
  "Region": "Central",
  "Category": "Office Supplies",
  "Sub_Category": "Art",
  "Sales": "99.14",
  "Quantity": "4.0",
  "Discount": "0.2",
  "Profit": "8.67"
}, {
  "Order_ID": "CA-2016-128531",
  "Order_Date": "2016-11-24",
  "Customer_ID": "NS-18505",
  "State": "Texas",
  "Region": "Central",
  "Category": "Office Supplies",
  "Sub_Category": "Art",
  "Sales": "14.04",
  "Quantity": "3.0",
  "Discount": "0.2",
  "Profit": "1.58"
}, {
  "Order_ID": "US-2016-131149",
  "Order_Date": "2016-07-10",
  "Customer_ID": "LH-17155",
  "State": "Texas",
  "Region": "Central",
  "Category": "Office Supplies",
  "Sub_Category": "Art",
  "Sales": "154.24",
  "Quantity": "4.0",
  "Discount": "0.2",
  "Profit": "17.35"
}, {
  "Order_ID": "US-2014-157406",
  "Order_Date": "2014-04-25",
  "Customer_ID": "DA-13450",
  "State": "Texas",
  "Region": "Central",
  "Category": "Office Supplies",
  "Sub_Category": "Art",
  "Sales": "6.24",
  "Quantity": "3.0",
  "Discount": "0.2",
  "Profit": "0.55"
}, {
  "Order_ID": "CA-2016-156685",
  "Order_Date": "2016-07-08",
  "Customer_ID": "SC-20230",
  "State": "Texas",
  "Region": "Central",
  "Category": "Office Supplies",
  "Sub_Category": "Art",
  "Sales": "47.62",
  "Quantity": "3.0",
  "Discount": "0.2",
  "Profit": "3.57"
}, {
  "Order_ID": "CA-2016-128923",
  "Order_Date": "2016-12-09",
  "Customer_ID": "GB-14530",
  "State": "Texas",
  "Region": "Central",
  "Category": "Office Supplies",
  "Sub_Category": "Art",
  "Sales": "9.33",
  "Quantity": "1.0",
  "Discount": "0.2",
  "Profit": "0.82"
}, {
  "Order_ID": "CA-2016-154018",
  "Order_Date": "2016-10-13",
  "Customer_ID": "HA-14920",
  "State": "Texas",
  "Region": "Central",
  "Category": "Office Supplies",
  "Sub_Category": "Art",
  "Sales": "15.87",
  "Quantity": "1.0",
  "Discount": "0.2",
  "Profit": "1.19"
}, {
  "Order_ID": "CA-2015-124541",
  "Order_Date": "2015-04-06",
  "Customer_ID": "TT-21220",
  "State": "Texas",
  "Region": "Central",
  "Category": "Office Supplies",
  "Sub_Category": "Art",
  "Sales": "42.05",
  "Quantity": "9.0",
  "Discount": "0.2",
  "Profit": "5.26"
}, {
  "Order_ID": "US-2014-117744",
  "Order_Date": "2014-12-02",
  "Customer_ID": "MD-17860",
  "State": "Texas",
  "Region": "Central",
  "Category": "Office Supplies",
  "Sub_Category": "Art",
  "Sales": "16.46",
  "Quantity": "7.0",
  "Discount": "0.2",
  "Profit": "1.44"
}, {
  "Order_ID": "CA-2017-131016",
  "Order_Date": "2017-09-18",
  "Customer_ID": "DC-12850",
  "State": "Texas",
  "Region": "Central",
  "Category": "Office Supplies",
  "Sub_Category": "Art",
  "Sales": "8.93",
  "Quantity": "2.0",
  "Discount": "0.2",
  "Profit": "0.56"
}, {
  "Order_ID": "CA-2017-155047",
  "Order_Date": "2017-08-27",
  "Customer_ID": "SE-20110",
  "State": "Texas",
  "Region": "Central",
  "Category": "Office Supplies",
  "Sub_Category": "Art",
  "Sales": "5.95",
  "Quantity": "1.0",
  "Discount": "0.2",
  "Profit": "0.37"
}, {
  "Order_ID": "CA-2014-165309",
  "Order_Date": "2014-11-11",
  "Customer_ID": "KD-16270",
  "State": "Texas",
  "Region": "Central",
  "Category": "Office Supplies",
  "Sub_Category": "Art",
  "Sales": "67.56",
  "Quantity": "3.0",
  "Discount": "0.2",
  "Profit": "6.76"
}, {
  "Order_ID": "CA-2017-112529",
  "Order_Date": "2017-11-19",
  "Customer_ID": "SC-20770",
  "State": "Texas",
  "Region": "Central",
  "Category": "Office Supplies",
  "Sub_Category": "Art",
  "Sales": "31.78",
  "Quantity": "4.0",
  "Discount": "0.2",
  "Profit": "8.74"
}, {
  "Order_ID": "CA-2017-160087",
  "Order_Date": "2017-03-18",
  "Customer_ID": "EN-13780",
  "State": "Texas",
  "Region": "Central",
  "Category": "Office Supplies",
  "Sub_Category": "Art",
  "Sales": "23.83",
  "Quantity": "3.0",
  "Discount": "0.2",
  "Profit": "6.55"
}, {
  "Order_ID": "CA-2017-144036",
  "Order_Date": "2017-11-22",
  "Customer_ID": "FO-14305",
  "State": "Texas",
  "Region": "Central",
  "Category": "Office Supplies",
  "Sub_Category": "Art",
  "Sales": "35.71",
  "Quantity": "8.0",
  "Discount": "0.2",
  "Profit": "2.23"
}, {
  "Order_ID": "CA-2016-163153",
  "Order_Date": "2016-03-21",
  "Customer_ID": "DM-12955",
  "State": "Texas",
  "Region": "Central",
  "Category": "Office Supplies",
  "Sub_Category": "Art",
  "Sales": "1.34",
  "Quantity": "1.0",
  "Discount": "0.2",
  "Profit": "0.5"
}, {
  "Order_ID": "CA-2016-169971",
  "Order_Date": "2016-09-04",
  "Customer_ID": "IL-15100",
  "State": "Texas",
  "Region": "Central",
  "Category": "Office Supplies",
  "Sub_Category": "Art",
  "Sales": "3.91",
  "Quantity": "1.0",
  "Discount": "0.2",
  "Profit": "1.03"
}, {
  "Order_ID": "CA-2016-169971",
  "Order_Date": "2016-09-04",
  "Customer_ID": "IL-15100",
  "State": "Texas",
  "Region": "Central",
  "Category": "Office Supplies",
  "Sub_Category": "Art",
  "Sales": "62.38",
  "Quantity": "3.0",
  "Discount": "0.2",
  "Profit": "7.02"
}, {
  "Order_ID": "US-2017-105389",
  "Order_Date": "2017-10-23",
  "Customer_ID": "DM-13015",
  "State": "Texas",
  "Region": "Central",
  "Category": "Office Supplies",
  "Sub_Category": "Art",
  "Sales": "10.27",
  "Quantity": "3.0",
  "Discount": "0.2",
  "Profit": "0.9"
}, {
  "Order_ID": "CA-2016-162082",
  "Order_Date": "2016-03-14",
  "Customer_ID": "JS-15880",
  "State": "Texas",
  "Region": "Central",
  "Category": "Office Supplies",
  "Sub_Category": "Art",
  "Sales": "145.54",
  "Quantity": "7.0",
  "Discount": "0.2",
  "Profit": "16.37"
}, {
  "Order_ID": "CA-2016-119963",
  "Order_Date": "2016-11-18",
  "Customer_ID": "SN-20710",
  "State": "Texas",
  "Region": "Central",
  "Category": "Office Supplies",
  "Sub_Category": "Art",
  "Sales": "6.37",
  "Quantity": "2.0",
  "Discount": "0.2",
  "Profit": "1.03"
}, {
  "Order_ID": "CA-2017-139311",
  "Order_Date": "2017-08-11",
  "Customer_ID": "SF-20965",
  "State": "Texas",
  "Region": "Central",
  "Category": "Office Supplies",
  "Sub_Category": "Art",
  "Sales": "9.18",
  "Quantity": "7.0",
  "Discount": "0.2",
  "Profit": "2.87"
}, {
  "Order_ID": "CA-2016-108868",
  "Order_Date": "2016-09-08",
  "Customer_ID": "KB-16585",
  "State": "Texas",
  "Region": "Central",
  "Category": "Office Supplies",
  "Sub_Category": "Art",
  "Sales": "70.37",
  "Quantity": "2.0",
  "Discount": "0.2",
  "Profit": "6.16"
}, {
  "Order_ID": "CA-2017-140298",
  "Order_Date": "2017-05-11",
  "Customer_ID": "JK-16120",
  "State": "Texas",
  "Region": "Central",
  "Category": "Office Supplies",
  "Sub_Category": "Art",
  "Sales": "5.25",
  "Quantity": "2.0",
  "Discount": "0.2",
  "Profit": "0.59"
}, {
  "Order_ID": "CA-2017-163125",
  "Order_Date": "2017-10-09",
  "Customer_ID": "MB-17305",
  "State": "Texas",
  "Region": "Central",
  "Category": "Office Supplies",
  "Sub_Category": "Art",
  "Sales": "67.14",
  "Quantity": "7.0",
  "Discount": "0.2",
  "Profit": "5.88"
}, {
  "Order_ID": "CA-2015-141243",
  "Order_Date": "2015-01-03",
  "Customer_ID": "AH-10465",
  "State": "Texas",
  "Region": "Central",
  "Category": "Office Supplies",
  "Sub_Category": "Art",
  "Sales": "7.06",
  "Quantity": "3.0",
  "Discount": "0.2",
  "Profit": "0.79"
}, {
  "Order_ID": "CA-2014-158442",
  "Order_Date": "2014-03-17",
  "Customer_ID": "AZ-10750",
  "State": "Texas",
  "Region": "Central",
  "Category": "Office Supplies",
  "Sub_Category": "Art",
  "Sales": "4.45",
  "Quantity": "2.0",
  "Discount": "0.2",
  "Profit": "0.33"
}, {
  "Order_ID": "US-2017-136679",
  "Order_Date": "2017-11-14",
  "Customer_ID": "XP-21865",
  "State": "Texas",
  "Region": "Central",
  "Category": "Office Supplies",
  "Sub_Category": "Art",
  "Sales": "45.04",
  "Quantity": "2.0",
  "Discount": "0.2",
  "Profit": "4.5"
}, {
  "Order_ID": "CA-2014-105165",
  "Order_Date": "2014-09-07",
  "Customer_ID": "SZ-20035",
  "State": "Texas",
  "Region": "Central",
  "Category": "Office Supplies",
  "Sub_Category": "Art",
  "Sales": "21.86",
  "Quantity": "3.0",
  "Discount": "0.2",
  "Profit": "3.55"
}, {
  "Order_ID": "CA-2017-131254",
  "Order_Date": "2017-11-19",
  "Customer_ID": "NC-18415",
  "State": "Texas",
  "Region": "Central",
  "Category": "Office Supplies",
  "Sub_Category": "Art",
  "Sales": "13.04",
  "Quantity": "5.0",
  "Discount": "0.2",
  "Profit": "3.91"
}, {
  "Order_ID": "US-2014-159618",
  "Order_Date": "2014-11-12",
  "Customer_ID": "DB-12970",
  "State": "Texas",
  "Region": "Central",
  "Category": "Office Supplies",
  "Sub_Category": "Art",
  "Sales": "2.67",
  "Quantity": "1.0",
  "Discount": "0.2",
  "Profit": "0.33"
}, {
  "Order_ID": "US-2016-132577",
  "Order_Date": "2016-11-22",
  "Customer_ID": "JE-15475",
  "State": "Texas",
  "Region": "Central",
  "Category": "Office Supplies",
  "Sub_Category": "Art",
  "Sales": "23.62",
  "Quantity": "9.0",
  "Discount": "0.2",
  "Profit": "2.66"
}, {
  "Order_ID": "CA-2017-131632",
  "Order_Date": "2017-10-31",
  "Customer_ID": "AH-10120",
  "State": "Texas",
  "Region": "Central",
  "Category": "Office Supplies",
  "Sub_Category": "Art",
  "Sales": "5.25",
  "Quantity": "2.0",
  "Discount": "0.2",
  "Profit": "0.59"
}, {
  "Order_ID": "CA-2017-161774",
  "Order_Date": "2017-05-14",
  "Customer_ID": "GT-14710",
  "State": "Texas",
  "Region": "Central",
  "Category": "Office Supplies",
  "Sub_Category": "Art",
  "Sales": "46.2",
  "Quantity": "5.0",
  "Discount": "0.2",
  "Profit": "5.78"
}, {
  "Order_ID": "CA-2015-125710",
  "Order_Date": "2015-10-08",
  "Customer_ID": "BT-11680",
  "State": "Texas",
  "Region": "Central",
  "Category": "Office Supplies",
  "Sub_Category": "Art",
  "Sales": "3.44",
  "Quantity": "2.0",
  "Discount": "0.2",
  "Profit": "0.56"
}, {
  "Order_ID": "CA-2017-131282",
  "Order_Date": "2017-02-05",
  "Customer_ID": "CB-12025",
  "State": "Texas",
  "Region": "Central",
  "Category": "Office Supplies",
  "Sub_Category": "Art",
  "Sales": "7.12",
  "Quantity": "5.0",
  "Discount": "0.2",
  "Profit": "0.71"
}, {
  "Order_ID": "CA-2014-100678",
  "Order_Date": "2014-04-18",
  "Customer_ID": "KM-16720",
  "State": "Texas",
  "Region": "Central",
  "Category": "Office Supplies",
  "Sub_Category": "Art",
  "Sales": "2.69",
  "Quantity": "2.0",
  "Discount": "0.2",
  "Profit": "1.01"
}, {
  "Order_ID": "CA-2017-104108",
  "Order_Date": "2017-12-02",
  "Customer_ID": "RP-19855",
  "State": "Texas",
  "Region": "Central",
  "Category": "Office Supplies",
  "Sub_Category": "Art",
  "Sales": "12.16",
  "Quantity": "5.0",
  "Discount": "0.2",
  "Profit": "2.13"
}, {
  "Order_ID": "CA-2017-146185",
  "Order_Date": "2017-09-15",
  "Customer_ID": "CC-12145",
  "State": "Texas",
  "Region": "Central",
  "Category": "Office Supplies",
  "Sub_Category": "Art",
  "Sales": "31.74",
  "Quantity": "2.0",
  "Discount": "0.2",
  "Profit": "8.33"
}, {
  "Order_ID": "CA-2016-112256",
  "Order_Date": "2016-07-23",
  "Customer_ID": "CK-12205",
  "State": "Texas",
  "Region": "Central",
  "Category": "Office Supplies",
  "Sub_Category": "Art",
  "Sales": "4.45",
  "Quantity": "2.0",
  "Discount": "0.2",
  "Profit": "0.33"
}, {
  "Order_ID": "CA-2016-112256",
  "Order_Date": "2016-07-23",
  "Customer_ID": "CK-12205",
  "State": "Texas",
  "Region": "Central",
  "Category": "Office Supplies",
  "Sub_Category": "Art",
  "Sales": "175.92",
  "Quantity": "5.0",
  "Discount": "0.2",
  "Profit": "15.39"
}, {
  "Order_ID": "CA-2017-133102",
  "Order_Date": "2017-08-17",
  "Customer_ID": "ED-13885",
  "State": "Texas",
  "Region": "Central",
  "Category": "Office Supplies",
  "Sub_Category": "Art",
  "Sales": "8.02",
  "Quantity": "3.0",
  "Discount": "0.2",
  "Profit": "1.0"
}, {
  "Order_ID": "CA-2014-111899",
  "Order_Date": "2014-05-04",
  "Customer_ID": "NC-18340",
  "State": "Texas",
  "Region": "Central",
  "Category": "Office Supplies",
  "Sub_Category": "Art",
  "Sales": "37.84",
  "Quantity": "2.0",
  "Discount": "0.2",
  "Profit": "2.84"
}, {
  "Order_ID": "CA-2017-105669",
  "Order_Date": "2017-09-17",
  "Customer_ID": "SJ-20125",
  "State": "Texas",
  "Region": "Central",
  "Category": "Office Supplies",
  "Sub_Category": "Art",
  "Sales": "9.91",
  "Quantity": "3.0",
  "Discount": "0.2",
  "Profit": "3.22"
}, {
  "Order_ID": "CA-2016-106915",
  "Order_Date": "2016-11-26",
  "Customer_ID": "GA-14515",
  "State": "Texas",
  "Region": "Central",
  "Category": "Office Supplies",
  "Sub_Category": "Art",
  "Sales": "17.86",
  "Quantity": "4.0",
  "Discount": "0.2",
  "Profit": "4.24"
}, {
  "Order_ID": "CA-2017-100783",
  "Order_Date": "2017-09-04",
  "Customer_ID": "JK-16120",
  "State": "Texas",
  "Region": "Central",
  "Category": "Office Supplies",
  "Sub_Category": "Art",
  "Sales": "30.38",
  "Quantity": "1.0",
  "Discount": "0.2",
  "Profit": "3.8"
}, {
  "Order_ID": "CA-2017-134194",
  "Order_Date": "2017-12-25",
  "Customer_ID": "GA-14725",
  "State": "Texas",
  "Region": "Central",
  "Category": "Office Supplies",
  "Sub_Category": "Art",
  "Sales": "31.74",
  "Quantity": "2.0",
  "Discount": "0.2",
  "Profit": "2.38"
}, {
  "Order_ID": "CA-2017-151750",
  "Order_Date": "2017-01-01",
  "Customer_ID": "JM-15250",
  "State": "Texas",
  "Region": "Central",
  "Category": "Office Supplies",
  "Sub_Category": "Art",
  "Sales": "12.74",
  "Quantity": "4.0",
  "Discount": "0.2",
  "Profit": "2.23"
}, {
  "Order_ID": "CA-2017-159149",
  "Order_Date": "2017-02-17",
  "Customer_ID": "CR-12820",
  "State": "Texas",
  "Region": "Central",
  "Category": "Office Supplies",
  "Sub_Category": "Art",
  "Sales": "175.44",
  "Quantity": "6.0",
  "Discount": "0.2",
  "Profit": "52.63"
}, {
  "Order_ID": "CA-2017-144820",
  "Order_Date": "2017-10-03",
  "Customer_ID": "LW-16825",
  "State": "Texas",
  "Region": "Central",
  "Category": "Office Supplies",
  "Sub_Category": "Art",
  "Sales": "20.64",
  "Quantity": "5.0",
  "Discount": "0.2",
  "Profit": "2.32"
}, {
  "Order_ID": "CA-2014-161508",
  "Order_Date": "2014-07-12",
  "Customer_ID": "PV-18985",
  "State": "Texas",
  "Region": "Central",
  "Category": "Office Supplies",
  "Sub_Category": "Art",
  "Sales": "22.29",
  "Quantity": "7.0",
  "Discount": "0.2",
  "Profit": "3.9"
}, {
  "Order_ID": "CA-2015-142937",
  "Order_Date": "2015-12-05",
  "Customer_ID": "SF-20065",
  "State": "Texas",
  "Region": "Central",
  "Category": "Office Supplies",
  "Sub_Category": "Art",
  "Sales": "45.04",
  "Quantity": "2.0",
  "Discount": "0.2",
  "Profit": "4.5"
}, {
  "Order_ID": "CA-2017-147207",
  "Order_Date": "2017-01-02",
  "Customer_ID": "TS-21655",
  "State": "Texas",
  "Region": "Central",
  "Category": "Office Supplies",
  "Sub_Category": "Art",
  "Sales": "31.74",
  "Quantity": "2.0",
  "Discount": "0.2",
  "Profit": "3.97"
}, {
  "Order_ID": "CA-2016-120824",
  "Order_Date": "2016-06-12",
  "Customer_ID": "AW-10930",
  "State": "Texas",
  "Region": "Central",
  "Category": "Office Supplies",
  "Sub_Category": "Art",
  "Sales": "11.26",
  "Quantity": "8.0",
  "Discount": "0.2",
  "Profit": "3.94"
}, {
  "Order_ID": "CA-2015-107083",
  "Order_Date": "2015-11-21",
  "Customer_ID": "BB-11545",
  "State": "Texas",
  "Region": "Central",
  "Category": "Office Supplies",
  "Sub_Category": "Art",
  "Sales": "5.34",
  "Quantity": "2.0",
  "Discount": "0.2",
  "Profit": "0.73"
}, {
  "Order_ID": "CA-2015-133585",
  "Order_Date": "2015-03-01",
  "Customer_ID": "CM-12715",
  "State": "Texas",
  "Region": "Central",
  "Category": "Office Supplies",
  "Sub_Category": "Art",
  "Sales": "55.33",
  "Quantity": "2.0",
  "Discount": "0.2",
  "Profit": "6.22"
}, {
  "Order_ID": "CA-2017-150266",
  "Order_Date": "2017-11-25",
  "Customer_ID": "RO-19780",
  "State": "Texas",
  "Region": "Central",
  "Category": "Office Supplies",
  "Sub_Category": "Art",
  "Sales": "18.69",
  "Quantity": "4.0",
  "Discount": "0.2",
  "Profit": "3.74"
}, {
  "Order_ID": "CA-2015-163181",
  "Order_Date": "2015-11-07",
  "Customer_ID": "AB-10105",
  "State": "Texas",
  "Region": "Central",
  "Category": "Office Supplies",
  "Sub_Category": "Art",
  "Sales": "23.64",
  "Quantity": "3.0",
  "Discount": "0.2",
  "Profit": "5.32"
}, {
  "Order_ID": "US-2015-163433",
  "Order_Date": "2015-04-18",
  "Customer_ID": "MP-17965",
  "State": "Texas",
  "Region": "Central",
  "Category": "Office Supplies",
  "Sub_Category": "Art",
  "Sales": "74.35",
  "Quantity": "3.0",
  "Discount": "0.2",
  "Profit": "6.51"
}, {
  "Order_ID": "US-2015-163433",
  "Order_Date": "2015-04-18",
  "Customer_ID": "MP-17965",
  "State": "Texas",
  "Region": "Central",
  "Category": "Office Supplies",
  "Sub_Category": "Art",
  "Sales": "7.87",
  "Quantity": "3.0",
  "Discount": "0.2",
  "Profit": "0.89"
}, {
  "Order_ID": "CA-2017-148642",
  "Order_Date": "2017-03-06",
  "Customer_ID": "DW-13540",
  "State": "Texas",
  "Region": "Central",
  "Category": "Office Supplies",
  "Sub_Category": "Art",
  "Sales": "63.49",
  "Quantity": "4.0",
  "Discount": "0.2",
  "Profit": "4.76"
}, {
  "Order_ID": "CA-2017-107727",
  "Order_Date": "2017-10-19",
  "Customer_ID": "MA-17560",
  "State": "Texas",
  "Region": "Central",
  "Category": "Office Supplies",
  "Sub_Category": "Paper",
  "Sales": "29.47",
  "Quantity": "3.0",
  "Discount": "0.2",
  "Profit": "9.95"
}, {
  "Order_ID": "CA-2016-157000",
  "Order_Date": "2016-07-16",
  "Customer_ID": "AM-10360",
  "State": "Texas",
  "Region": "Central",
  "Category": "Office Supplies",
  "Sub_Category": "Paper",
  "Sales": "20.02",
  "Quantity": "3.0",
  "Discount": "0.2",
  "Profit": "6.26"
}, {
  "Order_ID": "CA-2017-104745",
  "Order_Date": "2017-05-29",
  "Customer_ID": "GT-14755",
  "State": "Texas",
  "Region": "Central",
  "Category": "Office Supplies",
  "Sub_Category": "Paper",
  "Sales": "25.92",
  "Quantity": "5.0",
  "Discount": "0.2",
  "Profit": "9.4"
}, {
  "Order_ID": "CA-2017-130043",
  "Order_Date": "2017-09-15",
  "Customer_ID": "BB-11545",
  "State": "Texas",
  "Region": "Central",
  "Category": "Office Supplies",
  "Sub_Category": "Paper",
  "Sales": "31.87",
  "Quantity": "8.0",
  "Discount": "0.2",
  "Profit": "11.55"
}, {
  "Order_ID": "CA-2017-132682",
  "Order_Date": "2017-06-08",
  "Customer_ID": "TH-21235",
  "State": "Texas",
  "Region": "Central",
  "Category": "Office Supplies",
  "Sub_Category": "Paper",
  "Sales": "85.06",
  "Quantity": "3.0",
  "Discount": "0.2",
  "Profit": "28.71"
}, {
  "Order_ID": "US-2016-146710",
  "Order_Date": "2016-08-27",
  "Customer_ID": "SS-20875",
  "State": "Texas",
  "Region": "Central",
  "Category": "Office Supplies",
  "Sub_Category": "Paper",
  "Sales": "3.53",
  "Quantity": "1.0",
  "Discount": "0.2",
  "Profit": "1.15"
}, {
  "Order_ID": "US-2016-146710",
  "Order_Date": "2016-08-27",
  "Customer_ID": "SS-20875",
  "State": "Texas",
  "Region": "Central",
  "Category": "Office Supplies",
  "Sub_Category": "Paper",
  "Sales": "4.62",
  "Quantity": "1.0",
  "Discount": "0.2",
  "Profit": "1.68"
}, {
  "Order_ID": "US-2016-110156",
  "Order_Date": "2016-11-19",
  "Customer_ID": "EH-13945",
  "State": "Texas",
  "Region": "Central",
  "Category": "Office Supplies",
  "Sub_Category": "Paper",
  "Sales": "10.37",
  "Quantity": "2.0",
  "Discount": "0.2",
  "Profit": "3.63"
}, {
  "Order_ID": "CA-2016-119186",
  "Order_Date": "2016-05-26",
  "Customer_ID": "MS-17710",
  "State": "Texas",
  "Region": "Central",
  "Category": "Office Supplies",
  "Sub_Category": "Paper",
  "Sales": "10.37",
  "Quantity": "2.0",
  "Discount": "0.2",
  "Profit": "3.63"
}, {
  "Order_ID": "CA-2016-119186",
  "Order_Date": "2016-05-26",
  "Customer_ID": "MS-17710",
  "State": "Texas",
  "Region": "Central",
  "Category": "Office Supplies",
  "Sub_Category": "Paper",
  "Sales": "14.35",
  "Quantity": "3.0",
  "Discount": "0.2",
  "Profit": "5.2"
}, {
  "Order_ID": "CA-2017-130386",
  "Order_Date": "2017-11-12",
  "Customer_ID": "NG-18430",
  "State": "Texas",
  "Region": "Central",
  "Category": "Office Supplies",
  "Sub_Category": "Paper",
  "Sales": "16.06",
  "Quantity": "3.0",
  "Discount": "0.2",
  "Profit": "5.82"
}, {
  "Order_ID": "CA-2017-130386",
  "Order_Date": "2017-11-12",
  "Customer_ID": "NG-18430",
  "State": "Texas",
  "Region": "Central",
  "Category": "Office Supplies",
  "Sub_Category": "Paper",
  "Sales": "223.06",
  "Quantity": "9.0",
  "Discount": "0.2",
  "Profit": "69.71"
}, {
  "Order_ID": "CA-2015-111395",
  "Order_Date": "2015-11-23",
  "Customer_ID": "VB-21745",
  "State": "Texas",
  "Region": "Central",
  "Category": "Office Supplies",
  "Sub_Category": "Paper",
  "Sales": "335.52",
  "Quantity": "4.0",
  "Discount": "0.2",
  "Profit": "117.43"
}, {
  "Order_ID": "CA-2017-158876",
  "Order_Date": "2017-11-19",
  "Customer_ID": "AB-10150",
  "State": "Texas",
  "Region": "Central",
  "Category": "Office Supplies",
  "Sub_Category": "Paper",
  "Sales": "16.9",
  "Quantity": "4.0",
  "Discount": "0.2",
  "Profit": "5.28"
}, {
  "Order_ID": "CA-2016-128531",
  "Order_Date": "2016-11-24",
  "Customer_ID": "NS-18505",
  "State": "Texas",
  "Region": "Central",
  "Category": "Office Supplies",
  "Sub_Category": "Paper",
  "Sales": "74.35",
  "Quantity": "3.0",
  "Discount": "0.2",
  "Profit": "23.24"
}, {
  "Order_ID": "CA-2015-145401",
  "Order_Date": "2015-01-30",
  "Customer_ID": "JP-15520",
  "State": "Texas",
  "Region": "Central",
  "Category": "Office Supplies",
  "Sub_Category": "Paper",
  "Sales": "14.3",
  "Quantity": "6.0",
  "Discount": "0.2",
  "Profit": "5.01"
}, {
  "Order_ID": "US-2014-157406",
  "Order_Date": "2014-04-25",
  "Customer_ID": "DA-13450",
  "State": "Texas",
  "Region": "Central",
  "Category": "Office Supplies",
  "Sub_Category": "Paper",
  "Sales": "10.37",
  "Quantity": "2.0",
  "Discount": "0.2",
  "Profit": "3.63"
}, {
  "Order_ID": "CA-2015-135622",
  "Order_Date": "2015-12-08",
  "Customer_ID": "TT-21460",
  "State": "Texas",
  "Region": "Central",
  "Category": "Office Supplies",
  "Sub_Category": "Paper",
  "Sales": "360.71",
  "Quantity": "11.0",
  "Discount": "0.2",
  "Profit": "130.76"
}, {
  "Order_ID": "CA-2016-121034",
  "Order_Date": "2016-08-08",
  "Customer_ID": "JF-15565",
  "State": "Texas",
  "Region": "Central",
  "Category": "Office Supplies",
  "Sub_Category": "Paper",
  "Sales": "53.95",
  "Quantity": "3.0",
  "Discount": "0.2",
  "Profit": "17.53"
}, {
  "Order_ID": "CA-2017-162691",
  "Order_Date": "2017-08-01",
  "Customer_ID": "AS-10045",
  "State": "Texas",
  "Region": "Central",
  "Category": "Office Supplies",
  "Sub_Category": "Paper",
  "Sales": "36.29",
  "Quantity": "7.0",
  "Discount": "0.2",
  "Profit": "12.7"
}, {
  "Order_ID": "CA-2017-121503",
  "Order_Date": "2017-07-03",
  "Customer_ID": "FH-14275",
  "State": "Texas",
  "Region": "Central",
  "Category": "Office Supplies",
  "Sub_Category": "Paper",
  "Sales": "273.9",
  "Quantity": "7.0",
  "Discount": "0.2",
  "Profit": "92.44"
}, {
  "Order_ID": "CA-2016-108581",
  "Order_Date": "2016-06-20",
  "Customer_ID": "EA-14035",
  "State": "Texas",
  "Region": "Central",
  "Category": "Office Supplies",
  "Sub_Category": "Paper",
  "Sales": "10.37",
  "Quantity": "2.0",
  "Discount": "0.2",
  "Profit": "3.63"
}, {
  "Order_ID": "CA-2016-128923",
  "Order_Date": "2016-12-09",
  "Customer_ID": "GB-14530",
  "State": "Texas",
  "Region": "Central",
  "Category": "Office Supplies",
  "Sub_Category": "Paper",
  "Sales": "9.39",
  "Quantity": "2.0",
  "Discount": "0.2",
  "Profit": "3.29"
}, {
  "Order_ID": "CA-2014-129168",
  "Order_Date": "2014-08-17",
  "Customer_ID": "KB-16585",
  "State": "Texas",
  "Region": "Central",
  "Category": "Office Supplies",
  "Sub_Category": "Paper",
  "Sales": "15.55",
  "Quantity": "3.0",
  "Discount": "0.2",
  "Profit": "5.44"
}, {
  "Order_ID": "CA-2016-154018",
  "Order_Date": "2016-10-13",
  "Customer_ID": "HA-14920",
  "State": "Texas",
  "Region": "Central",
  "Category": "Office Supplies",
  "Sub_Category": "Paper",
  "Sales": "8.29",
  "Quantity": "2.0",
  "Discount": "0.2",
  "Profit": "3.0"
}, {
  "Order_ID": "CA-2015-160794",
  "Order_Date": "2015-08-06",
  "Customer_ID": "MS-17980",
  "State": "Texas",
  "Region": "Central",
  "Category": "Office Supplies",
  "Sub_Category": "Paper",
  "Sales": "27.22",
  "Quantity": "3.0",
  "Discount": "0.2",
  "Profit": "9.87"
}, {
  "Order_ID": "CA-2016-159373",
  "Order_Date": "2016-03-13",
  "Customer_ID": "LT-17110",
  "State": "Texas",
  "Region": "Central",
  "Category": "Office Supplies",
  "Sub_Category": "Paper",
  "Sales": "70.08",
  "Quantity": "5.0",
  "Discount": "0.2",
  "Profit": "24.53"
}, {
  "Order_ID": "CA-2015-124541",
  "Order_Date": "2015-04-06",
  "Customer_ID": "TT-21220",
  "State": "Texas",
  "Region": "Central",
  "Category": "Office Supplies",
  "Sub_Category": "Paper",
  "Sales": "7.97",
  "Quantity": "2.0",
  "Discount": "0.2",
  "Profit": "2.89"
}, {
  "Order_ID": "CA-2014-127446",
  "Order_Date": "2014-11-25",
  "Customer_ID": "MC-17590",
  "State": "Texas",
  "Region": "Central",
  "Category": "Office Supplies",
  "Sub_Category": "Paper",
  "Sales": "15.7",
  "Quantity": "3.0",
  "Discount": "0.2",
  "Profit": "5.1"
}, {
  "Order_ID": "CA-2016-111794",
  "Order_Date": "2016-10-01",
  "Customer_ID": "HG-15025",
  "State": "Texas",
  "Region": "Central",
  "Category": "Office Supplies",
  "Sub_Category": "Paper",
  "Sales": "28.35",
  "Quantity": "1.0",
  "Discount": "0.2",
  "Profit": "9.57"
}, {
  "Order_ID": "US-2014-112914",
  "Order_Date": "2014-09-25",
  "Customer_ID": "MT-18070",
  "State": "Texas",
  "Region": "Central",
  "Category": "Office Supplies",
  "Sub_Category": "Paper",
  "Sales": "33.79",
  "Quantity": "8.0",
  "Discount": "0.2",
  "Profit": "10.56"
}, {
  "Order_ID": "CA-2015-137512",
  "Order_Date": "2015-05-07",
  "Customer_ID": "AG-10675",
  "State": "Texas",
  "Region": "Central",
  "Category": "Office Supplies",
  "Sub_Category": "Paper",
  "Sales": "15.94",
  "Quantity": "4.0",
  "Discount": "0.2",
  "Profit": "5.38"
}, {
  "Order_ID": "CA-2017-127621",
  "Order_Date": "2017-03-03",
  "Customer_ID": "RE-19450",
  "State": "Texas",
  "Region": "Central",
  "Category": "Office Supplies",
  "Sub_Category": "Paper",
  "Sales": "26.88",
  "Quantity": "8.0",
  "Discount": "0.2",
  "Profit": "9.74"
}, {
  "Order_ID": "CA-2014-165428",
  "Order_Date": "2014-09-01",
  "Customer_ID": "JL-15130",
  "State": "Texas",
  "Region": "Central",
  "Category": "Office Supplies",
  "Sub_Category": "Paper",
  "Sales": "31.1",
  "Quantity": "6.0",
  "Discount": "0.2",
  "Profit": "10.89"
}, {
  "Order_ID": "CA-2014-151554",
  "Order_Date": "2014-11-14",
  "Customer_ID": "CM-11815",
  "State": "Texas",
  "Region": "Central",
  "Category": "Office Supplies",
  "Sub_Category": "Paper",
  "Sales": "20.74",
  "Quantity": "4.0",
  "Discount": "0.2",
  "Profit": "7.26"
}, {
  "Order_ID": "CA-2014-165309",
  "Order_Date": "2014-11-11",
  "Customer_ID": "KD-16270",
  "State": "Texas",
  "Region": "Central",
  "Category": "Office Supplies",
  "Sub_Category": "Paper",
  "Sales": "21.72",
  "Quantity": "5.0",
  "Discount": "0.2",
  "Profit": "7.87"
}, {
  "Order_ID": "CA-2014-165309",
  "Order_Date": "2014-11-11",
  "Customer_ID": "KD-16270",
  "State": "Texas",
  "Region": "Central",
  "Category": "Office Supplies",
  "Sub_Category": "Paper",
  "Sales": "262.34",
  "Quantity": "8.0",
  "Discount": "0.2",
  "Profit": "95.1"
}, {
  "Order_ID": "CA-2014-165379",
  "Order_Date": "2014-07-09",
  "Customer_ID": "BM-11650",
  "State": "Texas",
  "Region": "Central",
  "Category": "Office Supplies",
  "Sub_Category": "Paper",
  "Sales": "10.37",
  "Quantity": "2.0",
  "Discount": "0.2",
  "Profit": "3.63"
}, {
  "Order_ID": "CA-2014-165379",
  "Order_Date": "2014-07-09",
  "Customer_ID": "BM-11650",
  "State": "Texas",
  "Region": "Central",
  "Category": "Office Supplies",
  "Sub_Category": "Paper",
  "Sales": "14.35",
  "Quantity": "3.0",
  "Discount": "0.2",
  "Profit": "4.49"
}, {
  "Order_ID": "CA-2017-142867",
  "Order_Date": "2017-03-17",
  "Customer_ID": "PO-19180",
  "State": "Texas",
  "Region": "Central",
  "Category": "Office Supplies",
  "Sub_Category": "Paper",
  "Sales": "10.27",
  "Quantity": "3.0",
  "Discount": "0.2",
  "Profit": "3.21"
}, {
  "Order_ID": "CA-2017-101077",
  "Order_Date": "2017-03-25",
  "Customer_ID": "DB-13660",
  "State": "Texas",
  "Region": "Central",
  "Category": "Office Supplies",
  "Sub_Category": "Paper",
  "Sales": "6.85",
  "Quantity": "2.0",
  "Discount": "0.2",
  "Profit": "2.14"
}, {
  "Order_ID": "CA-2017-125115",
  "Order_Date": "2017-04-10",
  "Customer_ID": "RD-19930",
  "State": "Texas",
  "Region": "Central",
  "Category": "Office Supplies",
  "Sub_Category": "Paper",
  "Sales": "10.37",
  "Quantity": "2.0",
  "Discount": "0.2",
  "Profit": "3.63"
}, {
  "Order_ID": "CA-2014-166863",
  "Order_Date": "2014-06-20",
  "Customer_ID": "SC-20020",
  "State": "Texas",
  "Region": "Central",
  "Category": "Office Supplies",
  "Sub_Category": "Paper",
  "Sales": "15.55",
  "Quantity": "3.0",
  "Discount": "0.2",
  "Profit": "5.44"
}, {
  "Order_ID": "CA-2014-166863",
  "Order_Date": "2014-06-20",
  "Customer_ID": "SC-20020",
  "State": "Texas",
  "Region": "Central",
  "Category": "Office Supplies",
  "Sub_Category": "Paper",
  "Sales": "11.65",
  "Quantity": "2.0",
  "Discount": "0.2",
  "Profit": "4.08"
}, {
  "Order_ID": "CA-2017-121216",
  "Order_Date": "2017-12-23",
  "Customer_ID": "MM-17920",
  "State": "Texas",
  "Region": "Central",
  "Category": "Office Supplies",
  "Sub_Category": "Paper",
  "Sales": "28.67",
  "Quantity": "8.0",
  "Discount": "0.2",
  "Profit": "10.39"
}, {
  "Order_ID": "US-2017-126081",
  "Order_Date": "2017-06-29",
  "Customer_ID": "FC-14335",
  "State": "Texas",
  "Region": "Central",
  "Category": "Office Supplies",
  "Sub_Category": "Paper",
  "Sales": "5.18",
  "Quantity": "1.0",
  "Discount": "0.2",
  "Profit": "1.81"
}, {
  "Order_ID": "CA-2016-116799",
  "Order_Date": "2016-03-03",
  "Customer_ID": "JG-15310",
  "State": "Texas",
  "Region": "Central",
  "Category": "Office Supplies",
  "Sub_Category": "Paper",
  "Sales": "42.78",
  "Quantity": "7.0",
  "Discount": "0.2",
  "Profit": "15.51"
}, {
  "Order_ID": "CA-2017-134285",
  "Order_Date": "2017-12-07",
  "Customer_ID": "DS-13180",
  "State": "Texas",
  "Region": "Central",
  "Category": "Office Supplies",
  "Sub_Category": "Paper",
  "Sales": "15.55",
  "Quantity": "3.0",
  "Discount": "0.2",
  "Profit": "5.44"
}, {
  "Order_ID": "CA-2015-121097",
  "Order_Date": "2015-01-03",
  "Customer_ID": "SF-20965",
  "State": "Texas",
  "Region": "Central",
  "Category": "Office Supplies",
  "Sub_Category": "Paper",
  "Sales": "10.37",
  "Quantity": "2.0",
  "Discount": "0.2",
  "Profit": "3.63"
}, {
  "Order_ID": "CA-2016-162082",
  "Order_Date": "2016-03-14",
  "Customer_ID": "JS-15880",
  "State": "Texas",
  "Region": "Central",
  "Category": "Office Supplies",
  "Sub_Category": "Paper",
  "Sales": "5.18",
  "Quantity": "1.0",
  "Discount": "0.2",
  "Profit": "1.88"
}, {
  "Order_ID": "CA-2015-118955",
  "Order_Date": "2015-06-16",
  "Customer_ID": "LS-17230",
  "State": "Texas",
  "Region": "Central",
  "Category": "Office Supplies",
  "Sub_Category": "Paper",
  "Sales": "27.22",
  "Quantity": "3.0",
  "Discount": "0.2",
  "Profit": "9.87"
}, {
  "Order_ID": "CA-2016-119963",
  "Order_Date": "2016-11-18",
  "Customer_ID": "SN-20710",
  "State": "Texas",
  "Region": "Central",
  "Category": "Office Supplies",
  "Sub_Category": "Paper",
  "Sales": "19.65",
  "Quantity": "2.0",
  "Discount": "0.2",
  "Profit": "6.63"
}, {
  "Order_ID": "US-2015-163685",
  "Order_Date": "2015-06-01",
  "Customer_ID": "KE-16420",
  "State": "Texas",
  "Region": "Central",
  "Category": "Office Supplies",
  "Sub_Category": "Paper",
  "Sales": "42.24",
  "Quantity": "10.0",
  "Discount": "0.2",
  "Profit": "13.2"
}, {
  "Order_ID": "CA-2017-139311",
  "Order_Date": "2017-08-11",
  "Customer_ID": "SF-20965",
  "State": "Texas",
  "Region": "Central",
  "Category": "Office Supplies",
  "Sub_Category": "Paper",
  "Sales": "29.66",
  "Quantity": "4.0",
  "Discount": "0.2",
  "Profit": "10.01"
}, {
  "Order_ID": "US-2017-102288",
  "Order_Date": "2017-06-19",
  "Customer_ID": "ZC-21910",
  "State": "Texas",
  "Region": "Central",
  "Category": "Office Supplies",
  "Sub_Category": "Paper",
  "Sales": "146.18",
  "Quantity": "8.0",
  "Discount": "0.2",
  "Profit": "47.51"
}, {
  "Order_ID": "CA-2015-129392",
  "Order_Date": "2015-07-08",
  "Customer_ID": "DM-13015",
  "State": "Texas",
  "Region": "Central",
  "Category": "Office Supplies",
  "Sub_Category": "Paper",
  "Sales": "21.12",
  "Quantity": "5.0",
  "Discount": "0.2",
  "Profit": "6.6"
}, {
  "Order_ID": "CA-2017-100223",
  "Order_Date": "2017-07-05",
  "Customer_ID": "LS-16945",
  "State": "Texas",
  "Region": "Central",
  "Category": "Office Supplies",
  "Sub_Category": "Paper",
  "Sales": "15.55",
  "Quantity": "3.0",
  "Discount": "0.2",
  "Profit": "5.64"
}, {
  "Order_ID": "CA-2017-100223",
  "Order_Date": "2017-07-05",
  "Customer_ID": "LS-16945",
  "State": "Texas",
  "Region": "Central",
  "Category": "Office Supplies",
  "Sub_Category": "Paper",
  "Sales": "31.1",
  "Quantity": "6.0",
  "Discount": "0.2",
  "Profit": "11.28"
}, {
  "Order_ID": "US-2015-117184",
  "Order_Date": "2015-05-17",
  "Customer_ID": "ON-18715",
  "State": "Texas",
  "Region": "Central",
  "Category": "Office Supplies",
  "Sub_Category": "Paper",
  "Sales": "14.09",
  "Quantity": "3.0",
  "Discount": "0.2",
  "Profit": "4.93"
}, {
  "Order_ID": "CA-2016-162726",
  "Order_Date": "2016-12-27",
  "Customer_ID": "MT-17815",
  "State": "Texas",
  "Region": "Central",
  "Category": "Office Supplies",
  "Sub_Category": "Paper",
  "Sales": "10.37",
  "Quantity": "2.0",
  "Discount": "0.2",
  "Profit": "3.63"
}, {
  "Order_ID": "CA-2016-162726",
  "Order_Date": "2016-12-27",
  "Customer_ID": "MT-17815",
  "State": "Texas",
  "Region": "Central",
  "Category": "Office Supplies",
  "Sub_Category": "Paper",
  "Sales": "23.68",
  "Quantity": "4.0",
  "Discount": "0.2",
  "Profit": "7.4"
}, {
  "Order_ID": "CA-2014-116757",
  "Order_Date": "2014-06-30",
  "Customer_ID": "MS-17980",
  "State": "Texas",
  "Region": "Central",
  "Category": "Office Supplies",
  "Sub_Category": "Paper",
  "Sales": "25.92",
  "Quantity": "5.0",
  "Discount": "0.2",
  "Profit": "9.07"
}, {
  "Order_ID": "CA-2017-140298",
  "Order_Date": "2017-05-11",
  "Customer_ID": "JK-16120",
  "State": "Texas",
  "Region": "Central",
  "Category": "Office Supplies",
  "Sub_Category": "Paper",
  "Sales": "6.85",
  "Quantity": "2.0",
  "Discount": "0.2",
  "Profit": "2.14"
}, {
  "Order_ID": "CA-2014-108273",
  "Order_Date": "2014-12-16",
  "Customer_ID": "EJ-13720",
  "State": "Texas",
  "Region": "Central",
  "Category": "Office Supplies",
  "Sub_Category": "Paper",
  "Sales": "36.29",
  "Quantity": "7.0",
  "Discount": "0.2",
  "Profit": "12.7"
}, {
  "Order_ID": "CA-2014-158442",
  "Order_Date": "2014-03-17",
  "Customer_ID": "AZ-10750",
  "State": "Texas",
  "Region": "Central",
  "Category": "Office Supplies",
  "Sub_Category": "Paper",
  "Sales": "5.18",
  "Quantity": "1.0",
  "Discount": "0.2",
  "Profit": "1.88"
}, {
  "Order_ID": "CA-2014-158442",
  "Order_Date": "2014-03-17",
  "Customer_ID": "AZ-10750",
  "State": "Texas",
  "Region": "Central",
  "Category": "Office Supplies",
  "Sub_Category": "Paper",
  "Sales": "15.55",
  "Quantity": "3.0",
  "Discount": "0.2",
  "Profit": "5.44"
}, {
  "Order_ID": "CA-2016-147970",
  "Order_Date": "2016-01-31",
  "Customer_ID": "AB-10150",
  "State": "Texas",
  "Region": "Central",
  "Category": "Office Supplies",
  "Sub_Category": "Paper",
  "Sales": "15.55",
  "Quantity": "3.0",
  "Discount": "0.2",
  "Profit": "5.44"
}, {
  "Order_ID": "CA-2014-146283",
  "Order_Date": "2014-09-08",
  "Customer_ID": "KT-16465",
  "State": "Texas",
  "Region": "Central",
  "Category": "Office Supplies",
  "Sub_Category": "Paper",
  "Sales": "17.9",
  "Quantity": "2.0",
  "Discount": "0.2",
  "Profit": "6.27"
}, {
  "Order_ID": "CA-2014-146283",
  "Order_Date": "2014-09-08",
  "Customer_ID": "KT-16465",
  "State": "Texas",
  "Region": "Central",
  "Category": "Office Supplies",
  "Sub_Category": "Paper",
  "Sales": "182.11",
  "Quantity": "6.0",
  "Discount": "0.2",
  "Profit": "61.46"
}, {
  "Order_ID": "CA-2017-142174",
  "Order_Date": "2017-03-04",
  "Customer_ID": "DP-13000",
  "State": "Texas",
  "Region": "Central",
  "Category": "Office Supplies",
  "Sub_Category": "Paper",
  "Sales": "89.57",
  "Quantity": "2.0",
  "Discount": "0.2",
  "Profit": "32.47"
}, {
  "Order_ID": "CA-2016-123932",
  "Order_Date": "2016-09-06",
  "Customer_ID": "YC-21895",
  "State": "Texas",
  "Region": "Central",
  "Category": "Office Supplies",
  "Sub_Category": "Paper",
  "Sales": "41.92",
  "Quantity": "4.0",
  "Discount": "0.2",
  "Profit": "15.2"
}, {
  "Order_ID": "CA-2015-118738",
  "Order_Date": "2015-10-24",
  "Customer_ID": "AG-10495",
  "State": "Texas",
  "Region": "Central",
  "Category": "Office Supplies",
  "Sub_Category": "Paper",
  "Sales": "15.55",
  "Quantity": "3.0",
  "Discount": "0.2",
  "Profit": "5.44"
}, {
  "Order_ID": "CA-2015-118738",
  "Order_Date": "2015-10-24",
  "Customer_ID": "AG-10495",
  "State": "Texas",
  "Region": "Central",
  "Category": "Office Supplies",
  "Sub_Category": "Paper",
  "Sales": "10.37",
  "Quantity": "2.0",
  "Discount": "0.2",
  "Profit": "3.63"
}, {
  "Order_ID": "CA-2016-149195",
  "Order_Date": "2016-09-05",
  "Customer_ID": "DM-13525",
  "State": "Texas",
  "Region": "Central",
  "Category": "Office Supplies",
  "Sub_Category": "Paper",
  "Sales": "25.92",
  "Quantity": "5.0",
  "Discount": "0.2",
  "Profit": "9.07"
}, {
  "Order_ID": "CA-2016-149195",
  "Order_Date": "2016-09-05",
  "Customer_ID": "DM-13525",
  "State": "Texas",
  "Region": "Central",
  "Category": "Office Supplies",
  "Sub_Category": "Paper",
  "Sales": "10.37",
  "Quantity": "2.0",
  "Discount": "0.2",
  "Profit": "3.76"
}, {
  "Order_ID": "CA-2015-110877",
  "Order_Date": "2015-10-23",
  "Customer_ID": "JE-15715",
  "State": "Texas",
  "Region": "Central",
  "Category": "Office Supplies",
  "Sub_Category": "Paper",
  "Sales": "36.29",
  "Quantity": "7.0",
  "Discount": "0.2",
  "Profit": "12.7"
}, {
  "Order_ID": "CA-2014-107706",
  "Order_Date": "2014-02-14",
  "Customer_ID": "ST-20530",
  "State": "Texas",
  "Region": "Central",
  "Category": "Office Supplies",
  "Sub_Category": "Paper",
  "Sales": "16.18",
  "Quantity": "3.0",
  "Discount": "0.2",
  "Profit": "6.07"
}, {
  "Order_ID": "CA-2017-136609",
  "Order_Date": "2017-08-06",
  "Customer_ID": "TB-21355",
  "State": "Texas",
  "Region": "Central",
  "Category": "Office Supplies",
  "Sub_Category": "Paper",
  "Sales": "115.3",
  "Quantity": "3.0",
  "Discount": "0.2",
  "Profit": "40.35"
}, {
  "Order_ID": "US-2014-159618",
  "Order_Date": "2014-11-12",
  "Customer_ID": "DB-12970",
  "State": "Texas",
  "Region": "Central",
  "Category": "Office Supplies",
  "Sub_Category": "Paper",
  "Sales": "36.29",
  "Quantity": "7.0",
  "Discount": "0.2",
  "Profit": "12.7"
}, {
  "Order_ID": "CA-2016-117919",
  "Order_Date": "2016-08-27",
  "Customer_ID": "TB-21355",
  "State": "Texas",
  "Region": "Central",
  "Category": "Office Supplies",
  "Sub_Category": "Paper",
  "Sales": "79.92",
  "Quantity": "5.0",
  "Discount": "0.2",
  "Profit": "27.97"
}, {
  "Order_ID": "CA-2017-127922",
  "Order_Date": "2017-10-27",
  "Customer_ID": "SH-19975",
  "State": "Texas",
  "Region": "Central",
  "Category": "Office Supplies",
  "Sub_Category": "Paper",
  "Sales": "8.45",
  "Quantity": "2.0",
  "Discount": "0.2",
  "Profit": "2.64"
}, {
  "Order_ID": "CA-2014-123225",
  "Order_Date": "2014-07-11",
  "Customer_ID": "MN-17935",
  "State": "Texas",
  "Region": "Central",
  "Category": "Office Supplies",
  "Sub_Category": "Paper",
  "Sales": "10.37",
  "Quantity": "2.0",
  "Discount": "0.2",
  "Profit": "3.63"
}, {
  "Order_ID": "US-2017-141698",
  "Order_Date": "2017-04-15",
  "Customer_ID": "SD-20485",
  "State": "Texas",
  "Region": "Central",
  "Category": "Office Supplies",
  "Sub_Category": "Paper",
  "Sales": "20.74",
  "Quantity": "4.0",
  "Discount": "0.2",
  "Profit": "7.26"
}, {
  "Order_ID": "CA-2016-152765",
  "Order_Date": "2016-06-15",
  "Customer_ID": "LS-17245",
  "State": "Texas",
  "Region": "Central",
  "Category": "Office Supplies",
  "Sub_Category": "Paper",
  "Sales": "173.49",
  "Quantity": "7.0",
  "Discount": "0.2",
  "Profit": "54.22"
}, {
  "Order_ID": "CA-2016-113551",
  "Order_Date": "2016-08-18",
  "Customer_ID": "NF-18385",
  "State": "Texas",
  "Region": "Central",
  "Category": "Office Supplies",
  "Sub_Category": "Paper",
  "Sales": "83.84",
  "Quantity": "8.0",
  "Discount": "0.2",
  "Profit": "30.39"
}, {
  "Order_ID": "CA-2015-142139",
  "Order_Date": "2015-08-31",
  "Customer_ID": "SD-20485",
  "State": "Texas",
  "Region": "Central",
  "Category": "Office Supplies",
  "Sub_Category": "Paper",
  "Sales": "20.96",
  "Quantity": "4.0",
  "Discount": "0.2",
  "Profit": "6.81"
}, {
  "Order_ID": "CA-2015-142433",
  "Order_Date": "2015-04-20",
  "Customer_ID": "ES-14020",
  "State": "Texas",
  "Region": "Central",
  "Category": "Office Supplies",
  "Sub_Category": "Paper",
  "Sales": "117.46",
  "Quantity": "3.0",
  "Discount": "0.2",
  "Profit": "44.05"
}, {
  "Order_ID": "CA-2017-104927",
  "Order_Date": "2017-12-22",
  "Customer_ID": "AG-10330",
  "State": "Texas",
  "Region": "Central",
  "Category": "Office Supplies",
  "Sub_Category": "Paper",
  "Sales": "25.92",
  "Quantity": "5.0",
  "Discount": "0.2",
  "Profit": "9.07"
}, {
  "Order_ID": "CA-2017-104927",
  "Order_Date": "2017-12-22",
  "Customer_ID": "AG-10330",
  "State": "Texas",
  "Region": "Central",
  "Category": "Office Supplies",
  "Sub_Category": "Paper",
  "Sales": "75.88",
  "Quantity": "5.0",
  "Discount": "0.2",
  "Profit": "26.56"
}, {
  "Order_ID": "CA-2016-133697",
  "Order_Date": "2016-10-20",
  "Customer_ID": "CM-12445",
  "State": "Texas",
  "Region": "Central",
  "Category": "Office Supplies",
  "Sub_Category": "Paper",
  "Sales": "51.02",
  "Quantity": "7.0",
  "Discount": "0.2",
  "Profit": "15.94"
}, {
  "Order_ID": "CA-2017-162712",
  "Order_Date": "2017-06-18",
  "Customer_ID": "NK-18490",
  "State": "Texas",
  "Region": "Central",
  "Category": "Office Supplies",
  "Sub_Category": "Paper",
  "Sales": "74.35",
  "Quantity": "3.0",
  "Discount": "0.2",
  "Profit": "23.24"
}, {
  "Order_ID": "CA-2017-161774",
  "Order_Date": "2017-05-14",
  "Customer_ID": "GT-14710",
  "State": "Texas",
  "Region": "Central",
  "Category": "Office Supplies",
  "Sub_Category": "Paper",
  "Sales": "47.95",
  "Quantity": "3.0",
  "Discount": "0.2",
  "Profit": "16.18"
}, {
  "Order_ID": "CA-2017-161774",
  "Order_Date": "2017-05-14",
  "Customer_ID": "GT-14710",
  "State": "Texas",
  "Region": "Central",
  "Category": "Office Supplies",
  "Sub_Category": "Paper",
  "Sales": "76.86",
  "Quantity": "2.0",
  "Discount": "0.2",
  "Profit": "26.9"
}, {
  "Order_ID": "CA-2017-111262",
  "Order_Date": "2017-10-28",
  "Customer_ID": "KH-16510",
  "State": "Texas",
  "Region": "Central",
  "Category": "Office Supplies",
  "Sub_Category": "Paper",
  "Sales": "15.55",
  "Quantity": "3.0",
  "Discount": "0.2",
  "Profit": "5.44"
}, {
  "Order_ID": "US-2017-124779",
  "Order_Date": "2017-09-08",
  "Customer_ID": "BF-11020",
  "State": "Texas",
  "Region": "Central",
  "Category": "Office Supplies",
  "Sub_Category": "Paper",
  "Sales": "20.74",
  "Quantity": "4.0",
  "Discount": "0.2",
  "Profit": "7.26"
}, {
  "Order_ID": "CA-2016-115483",
  "Order_Date": "2016-07-14",
  "Customer_ID": "JS-15880",
  "State": "Texas",
  "Region": "Central",
  "Category": "Office Supplies",
  "Sub_Category": "Paper",
  "Sales": "219.84",
  "Quantity": "5.0",
  "Discount": "0.2",
  "Profit": "79.69"
}, {
  "Order_ID": "CA-2015-128125",
  "Order_Date": "2015-03-31",
  "Customer_ID": "EB-13705",
  "State": "Texas",
  "Region": "Central",
  "Category": "Office Supplies",
  "Sub_Category": "Paper",
  "Sales": "98.38",
  "Quantity": "3.0",
  "Discount": "0.2",
  "Profit": "35.66"
}, {
  "Order_ID": "CA-2017-138618",
  "Order_Date": "2017-12-01",
  "Customer_ID": "MY-17380",
  "State": "Texas",
  "Region": "Central",
  "Category": "Office Supplies",
  "Sub_Category": "Paper",
  "Sales": "10.37",
  "Quantity": "2.0",
  "Discount": "0.2",
  "Profit": "3.63"
}, {
  "Order_ID": "US-2015-123918",
  "Order_Date": "2015-10-15",
  "Customer_ID": "CG-12520",
  "State": "Texas",
  "Region": "Central",
  "Category": "Office Supplies",
  "Sub_Category": "Paper",
  "Sales": "5.34",
  "Quantity": "1.0",
  "Discount": "0.2",
  "Profit": "1.87"
}, {
  "Order_ID": "CA-2014-126963",
  "Order_Date": "2014-06-15",
  "Customer_ID": "PS-18760",
  "State": "Texas",
  "Region": "Central",
  "Category": "Office Supplies",
  "Sub_Category": "Paper",
  "Sales": "36.54",
  "Quantity": "2.0",
  "Discount": "0.2",
  "Profit": "11.88"
}, {
  "Order_ID": "CA-2014-126333",
  "Order_Date": "2014-12-23",
  "Customer_ID": "ME-18010",
  "State": "Texas",
  "Region": "Central",
  "Category": "Office Supplies",
  "Sub_Category": "Paper",
  "Sales": "5.18",
  "Quantity": "1.0",
  "Discount": "0.2",
  "Profit": "1.81"
}, {
  "Order_ID": "CA-2016-160136",
  "Order_Date": "2016-11-03",
  "Customer_ID": "PJ-18835",
  "State": "Texas",
  "Region": "Central",
  "Category": "Office Supplies",
  "Sub_Category": "Paper",
  "Sales": "9.25",
  "Quantity": "2.0",
  "Discount": "0.2",
  "Profit": "3.35"
}, {
  "Order_ID": "CA-2016-114209",
  "Order_Date": "2016-05-21",
  "Customer_ID": "AS-10285",
  "State": "Texas",
  "Region": "Central",
  "Category": "Office Supplies",
  "Sub_Category": "Paper",
  "Sales": "82.66",
  "Quantity": "9.0",
  "Discount": "0.2",
  "Profit": "31.0"
}, {
  "Order_ID": "CA-2016-112256",
  "Order_Date": "2016-07-23",
  "Customer_ID": "CK-12205",
  "State": "Texas",
  "Region": "Central",
  "Category": "Office Supplies",
  "Sub_Category": "Paper",
  "Sales": "5.18",
  "Quantity": "1.0",
  "Discount": "0.2",
  "Profit": "1.81"
}, {
  "Order_ID": "CA-2016-144337",
  "Order_Date": "2016-08-01",
  "Customer_ID": "SG-20890",
  "State": "Texas",
  "Region": "Central",
  "Category": "Office Supplies",
  "Sub_Category": "Paper",
  "Sales": "19.65",
  "Quantity": "2.0",
  "Discount": "0.2",
  "Profit": "6.63"
}, {
  "Order_ID": "US-2017-141677",
  "Order_Date": "2017-03-26",
  "Customer_ID": "HK-14890",
  "State": "Texas",
  "Region": "Central",
  "Category": "Office Supplies",
  "Sub_Category": "Paper",
  "Sales": "74.35",
  "Quantity": "3.0",
  "Discount": "0.2",
  "Profit": "23.24"
}, {
  "Order_ID": "CA-2014-109932",
  "Order_Date": "2014-12-09",
  "Customer_ID": "VP-21760",
  "State": "Texas",
  "Region": "Central",
  "Category": "Office Supplies",
  "Sub_Category": "Paper",
  "Sales": "10.69",
  "Quantity": "2.0",
  "Discount": "0.2",
  "Profit": "3.74"
}, {
  "Order_ID": "US-2017-160836",
  "Order_Date": "2017-09-11",
  "Customer_ID": "CC-12475",
  "State": "Texas",
  "Region": "Central",
  "Category": "Office Supplies",
  "Sub_Category": "Paper",
  "Sales": "10.27",
  "Quantity": "3.0",
  "Discount": "0.2",
  "Profit": "3.21"
}, {
  "Order_ID": "CA-2017-140802",
  "Order_Date": "2017-04-21",
  "Customer_ID": "KN-16390",
  "State": "Texas",
  "Region": "Central",
  "Category": "Office Supplies",
  "Sub_Category": "Paper",
  "Sales": "20.74",
  "Quantity": "4.0",
  "Discount": "0.2",
  "Profit": "7.26"
}, {
  "Order_ID": "CA-2017-107958",
  "Order_Date": "2017-07-02",
  "Customer_ID": "AH-10120",
  "State": "Texas",
  "Region": "Central",
  "Category": "Office Supplies",
  "Sub_Category": "Paper",
  "Sales": "163.96",
  "Quantity": "5.0",
  "Discount": "0.2",
  "Profit": "59.44"
}, {
  "Order_ID": "CA-2017-143294",
  "Order_Date": "2017-06-02",
  "Customer_ID": "JD-15790",
  "State": "Texas",
  "Region": "Central",
  "Category": "Office Supplies",
  "Sub_Category": "Paper",
  "Sales": "10.69",
  "Quantity": "2.0",
  "Discount": "0.2",
  "Profit": "3.74"
}, {
  "Order_ID": "CA-2016-158925",
  "Order_Date": "2016-10-24",
  "Customer_ID": "JP-15460",
  "State": "Texas",
  "Region": "Central",
  "Category": "Office Supplies",
  "Sub_Category": "Paper",
  "Sales": "15.55",
  "Quantity": "3.0",
  "Discount": "0.2",
  "Profit": "5.44"
}, {
  "Order_ID": "CA-2017-123071",
  "Order_Date": "2017-12-03",
  "Customer_ID": "CC-12550",
  "State": "Texas",
  "Region": "Central",
  "Category": "Office Supplies",
  "Sub_Category": "Paper",
  "Sales": "10.37",
  "Quantity": "2.0",
  "Discount": "0.2",
  "Profit": "3.63"
}, {
  "Order_ID": "CA-2015-126669",
  "Order_Date": "2015-11-07",
  "Customer_ID": "DO-13645",
  "State": "Texas",
  "Region": "Central",
  "Category": "Office Supplies",
  "Sub_Category": "Paper",
  "Sales": "76.64",
  "Quantity": "2.0",
  "Discount": "0.2",
  "Profit": "26.82"
}, {
  "Order_ID": "CA-2014-103800",
  "Order_Date": "2014-01-03",
  "Customer_ID": "DP-13000",
  "State": "Texas",
  "Region": "Central",
  "Category": "Office Supplies",
  "Sub_Category": "Paper",
  "Sales": "16.45",
  "Quantity": "2.0",
  "Discount": "0.2",
  "Profit": "5.55"
}, {
  "Order_ID": "CA-2016-158806",
  "Order_Date": "2016-01-07",
  "Customer_ID": "NM-18520",
  "State": "Texas",
  "Region": "Central",
  "Category": "Office Supplies",
  "Sub_Category": "Paper",
  "Sales": "25.92",
  "Quantity": "5.0",
  "Discount": "0.2",
  "Profit": "9.07"
}, {
  "Order_ID": "CA-2015-119690",
  "Order_Date": "2015-06-25",
  "Customer_ID": "MV-17485",
  "State": "Texas",
  "Region": "Central",
  "Category": "Office Supplies",
  "Sub_Category": "Paper",
  "Sales": "47.95",
  "Quantity": "3.0",
  "Discount": "0.2",
  "Profit": "16.18"
}, {
  "Order_ID": "CA-2017-136238",
  "Order_Date": "2017-12-26",
  "Customer_ID": "KB-16240",
  "State": "Texas",
  "Region": "Central",
  "Category": "Office Supplies",
  "Sub_Category": "Paper",
  "Sales": "16.03",
  "Quantity": "3.0",
  "Discount": "0.2",
  "Profit": "5.61"
}, {
  "Order_ID": "CA-2014-161508",
  "Order_Date": "2014-07-12",
  "Customer_ID": "PV-18985",
  "State": "Texas",
  "Region": "Central",
  "Category": "Office Supplies",
  "Sub_Category": "Paper",
  "Sales": "16.03",
  "Quantity": "3.0",
  "Discount": "0.2",
  "Profit": "5.61"
}, {
  "Order_ID": "CA-2015-162964",
  "Order_Date": "2015-11-12",
  "Customer_ID": "MF-18250",
  "State": "Texas",
  "Region": "Central",
  "Category": "Office Supplies",
  "Sub_Category": "Paper",
  "Sales": "15.55",
  "Quantity": "3.0",
  "Discount": "0.2",
  "Profit": "5.64"
}, {
  "Order_ID": "CA-2016-147109",
  "Order_Date": "2016-12-17",
  "Customer_ID": "AH-10075",
  "State": "Texas",
  "Region": "Central",
  "Category": "Office Supplies",
  "Sub_Category": "Paper",
  "Sales": "51.84",
  "Quantity": "10.0",
  "Discount": "0.2",
  "Profit": "18.14"
}, {
  "Order_ID": "US-2014-127635",
  "Order_Date": "2014-09-14",
  "Customer_ID": "SC-20260",
  "State": "Texas",
  "Region": "Central",
  "Category": "Office Supplies",
  "Sub_Category": "Paper",
  "Sales": "6.85",
  "Quantity": "2.0",
  "Discount": "0.2",
  "Profit": "2.14"
}, {
  "Order_ID": "CA-2015-109190",
  "Order_Date": "2015-10-23",
  "Customer_ID": "CC-12685",
  "State": "Texas",
  "Region": "Central",
  "Category": "Office Supplies",
  "Sub_Category": "Paper",
  "Sales": "60.74",
  "Quantity": "8.0",
  "Discount": "0.2",
  "Profit": "20.5"
}, {
  "Order_ID": "CA-2016-134110",
  "Order_Date": "2016-11-17",
  "Customer_ID": "BG-11035",
  "State": "Texas",
  "Region": "Central",
  "Category": "Office Supplies",
  "Sub_Category": "Paper",
  "Sales": "15.23",
  "Quantity": "4.0",
  "Discount": "0.2",
  "Profit": "5.52"
}, {
  "Order_ID": "CA-2016-162222",
  "Order_Date": "2016-04-03",
  "Customer_ID": "SR-20740",
  "State": "Texas",
  "Region": "Central",
  "Category": "Office Supplies",
  "Sub_Category": "Paper",
  "Sales": "10.27",
  "Quantity": "3.0",
  "Discount": "0.2",
  "Profit": "3.21"
}, {
  "Order_ID": "CA-2014-130673",
  "Order_Date": "2014-05-20",
  "Customer_ID": "MC-17590",
  "State": "Texas",
  "Region": "Central",
  "Category": "Office Supplies",
  "Sub_Category": "Paper",
  "Sales": "10.37",
  "Quantity": "2.0",
  "Discount": "0.2",
  "Profit": "3.63"
}, {
  "Order_ID": "CA-2015-131856",
  "Order_Date": "2015-05-12",
  "Customer_ID": "JG-15160",
  "State": "Texas",
  "Region": "Central",
  "Category": "Office Supplies",
  "Sub_Category": "Paper",
  "Sales": "127.9",
  "Quantity": "7.0",
  "Discount": "0.2",
  "Profit": "41.57"
}, {
  "Order_ID": "CA-2016-120824",
  "Order_Date": "2016-06-12",
  "Customer_ID": "AW-10930",
  "State": "Texas",
  "Region": "Central",
  "Category": "Office Supplies",
  "Sub_Category": "Paper",
  "Sales": "15.55",
  "Quantity": "3.0",
  "Discount": "0.2",
  "Profit": "5.64"
}, {
  "Order_ID": "CA-2016-102813",
  "Order_Date": "2016-07-02",
  "Customer_ID": "EA-14035",
  "State": "Texas",
  "Region": "Central",
  "Category": "Office Supplies",
  "Sub_Category": "Paper",
  "Sales": "41.47",
  "Quantity": "8.0",
  "Discount": "0.2",
  "Profit": "14.52"
}, {
  "Order_ID": "CA-2015-142930",
  "Order_Date": "2015-11-28",
  "Customer_ID": "EB-14170",
  "State": "Texas",
  "Region": "Central",
  "Category": "Office Supplies",
  "Sub_Category": "Paper",
  "Sales": "335.52",
  "Quantity": "4.0",
  "Discount": "0.2",
  "Profit": "117.43"
}, {
  "Order_ID": "US-2014-157847",
  "Order_Date": "2014-04-02",
  "Customer_ID": "SC-20020",
  "State": "Texas",
  "Region": "Central",
  "Category": "Office Supplies",
  "Sub_Category": "Paper",
  "Sales": "26.72",
  "Quantity": "5.0",
  "Discount": "0.2",
  "Profit": "9.35"
}, {
  "Order_ID": "US-2014-157847",
  "Order_Date": "2014-04-02",
  "Customer_ID": "SC-20020",
  "State": "Texas",
  "Region": "Central",
  "Category": "Office Supplies",
  "Sub_Category": "Paper",
  "Sales": "33.49",
  "Quantity": "7.0",
  "Discount": "0.2",
  "Profit": "10.47"
}, {
  "Order_ID": "US-2016-144057",
  "Order_Date": "2016-05-09",
  "Customer_ID": "CV-12805",
  "State": "Texas",
  "Region": "Central",
  "Category": "Office Supplies",
  "Sub_Category": "Paper",
  "Sales": "76.64",
  "Quantity": "2.0",
  "Discount": "0.2",
  "Profit": "26.82"
}, {
  "Order_ID": "CA-2017-156622",
  "Order_Date": "2017-11-23",
  "Customer_ID": "JP-15460",
  "State": "Texas",
  "Region": "Central",
  "Category": "Office Supplies",
  "Sub_Category": "Paper",
  "Sales": "36.29",
  "Quantity": "7.0",
  "Discount": "0.2",
  "Profit": "12.7"
}, {
  "Order_ID": "CA-2017-156622",
  "Order_Date": "2017-11-23",
  "Customer_ID": "JP-15460",
  "State": "Texas",
  "Region": "Central",
  "Category": "Office Supplies",
  "Sub_Category": "Paper",
  "Sales": "78.3",
  "Quantity": "2.0",
  "Discount": "0.2",
  "Profit": "29.36"
}, {
  "Order_ID": "CA-2017-122763",
  "Order_Date": "2017-03-20",
  "Customer_ID": "HG-14845",
  "State": "Texas",
  "Region": "Central",
  "Category": "Office Supplies",
  "Sub_Category": "Paper",
  "Sales": "56.7",
  "Quantity": "2.0",
  "Discount": "0.2",
  "Profit": "19.14"
}, {
  "Order_ID": "CA-2017-122763",
  "Order_Date": "2017-03-20",
  "Customer_ID": "HG-14845",
  "State": "Texas",
  "Region": "Central",
  "Category": "Office Supplies",
  "Sub_Category": "Paper",
  "Sales": "274.06",
  "Quantity": "7.0",
  "Discount": "0.2",
  "Profit": "102.77"
}, {
  "Order_ID": "CA-2017-152933",
  "Order_Date": "2017-10-12",
  "Customer_ID": "MG-17650",
  "State": "Texas",
  "Region": "Central",
  "Category": "Office Supplies",
  "Sub_Category": "Paper",
  "Sales": "10.37",
  "Quantity": "2.0",
  "Discount": "0.2",
  "Profit": "3.76"
}, {
  "Order_ID": "CA-2015-132941",
  "Order_Date": "2015-05-25",
  "Customer_ID": "MM-18280",
  "State": "Texas",
  "Region": "Central",
  "Category": "Office Supplies",
  "Sub_Category": "Paper",
  "Sales": "32.37",
  "Quantity": "7.0",
  "Discount": "0.2",
  "Profit": "11.73"
}, {
  "Order_ID": "US-2015-163433",
  "Order_Date": "2015-04-18",
  "Customer_ID": "MP-17965",
  "State": "Texas",
  "Region": "Central",
  "Category": "Office Supplies",
  "Sub_Category": "Paper",
  "Sales": "15.55",
  "Quantity": "3.0",
  "Discount": "0.2",
  "Profit": "5.44"
}, {
  "Order_ID": "CA-2016-164770",
  "Order_Date": "2016-12-02",
  "Customer_ID": "MY-18295",
  "State": "Texas",
  "Region": "Central",
  "Category": "Office Supplies",
  "Sub_Category": "Paper",
  "Sales": "30.82",
  "Quantity": "9.0",
  "Discount": "0.2",
  "Profit": "9.63"
}, {
  "Order_ID": "CA-2015-135251",
  "Order_Date": "2015-08-06",
  "Customer_ID": "RP-19270",
  "State": "Texas",
  "Region": "Central",
  "Category": "Office Supplies",
  "Sub_Category": "Paper",
  "Sales": "56.7",
  "Quantity": "2.0",
  "Discount": "0.2",
  "Profit": "19.14"
}, {
  "Order_ID": "CA-2017-107797",
  "Order_Date": "2017-05-08",
  "Customer_ID": "EB-13705",
  "State": "Texas",
  "Region": "Central",
  "Category": "Office Supplies",
  "Sub_Category": "Paper",
  "Sales": "41.47",
  "Quantity": "8.0",
  "Discount": "0.2",
  "Profit": "14.52"
}, {
  "Order_ID": "CA-2017-103520",
  "Order_Date": "2017-09-23",
  "Customer_ID": "MH-17785",
  "State": "Texas",
  "Region": "Central",
  "Category": "Office Supplies",
  "Sub_Category": "Paper",
  "Sales": "9.25",
  "Quantity": "2.0",
  "Discount": "0.2",
  "Profit": "3.35"
}, {
  "Order_ID": "CA-2014-127166",
  "Order_Date": "2014-05-21",
  "Customer_ID": "KH-16360",
  "State": "Texas",
  "Region": "Central",
  "Category": "Office Supplies",
  "Sub_Category": "Paper",
  "Sales": "4.83",
  "Quantity": "1.0",
  "Discount": "0.2",
  "Profit": "1.63"
}, {
  "Order_ID": "CA-2014-133963",
  "Order_Date": "2014-05-18",
  "Customer_ID": "GA-14515",
  "State": "Texas",
  "Region": "Central",
  "Category": "Office Supplies",
  "Sub_Category": "Paper",
  "Sales": "3.98",
  "Quantity": "1.0",
  "Discount": "0.2",
  "Profit": "1.44"
}, {
  "Order_ID": "CA-2015-168088",
  "Order_Date": "2015-03-19",
  "Customer_ID": "CM-12655",
  "State": "Texas",
  "Region": "Central",
  "Category": "Office Supplies",
  "Sub_Category": "Paper",
  "Sales": "65.58",
  "Quantity": "2.0",
  "Discount": "0.2",
  "Profit": "23.77"
}, {
  "Order_ID": "CA-2015-117415",
  "Order_Date": "2015-12-27",
  "Customer_ID": "SN-20710",
  "State": "Texas",
  "Region": "Central",
  "Category": "Furniture",
  "Sub_Category": "Chairs",
  "Sales": "212.06",
  "Quantity": "3.0",
  "Discount": "0.3",
  "Profit": "-15.15"
}, {
  "Order_ID": "US-2014-152030",
  "Order_Date": "2014-12-26",
  "Customer_ID": "AD-10180",
  "State": "Texas",
  "Region": "Central",
  "Category": "Furniture",
  "Sub_Category": "Chairs",
  "Sales": "600.56",
  "Quantity": "3.0",
  "Discount": "0.3",
  "Profit": "-8.58"
}, {
  "Order_ID": "CA-2014-139892",
  "Order_Date": "2014-09-08",
  "Customer_ID": "BM-11140",
  "State": "Texas",
  "Region": "Central",
  "Category": "Furniture",
  "Sub_Category": "Chairs",
  "Sales": "1740.06",
  "Quantity": "9.0",
  "Discount": "0.3",
  "Profit": "-24.86"
}, {
  "Order_ID": "US-2014-141215",
  "Order_Date": "2014-06-15",
  "Customer_ID": "KL-16555",
  "State": "Texas",
  "Region": "Central",
  "Category": "Furniture",
  "Sub_Category": "Chairs",
  "Sales": "797.94",
  "Quantity": "4.0",
  "Discount": "0.3",
  "Profit": "-57.0"
}, {
  "Order_ID": "US-2015-125374",
  "Order_Date": "2015-03-23",
  "Customer_ID": "JD-16060",
  "State": "Texas",
  "Region": "Central",
  "Category": "Furniture",
  "Sub_Category": "Chairs",
  "Sales": "107.77",
  "Quantity": "2.0",
  "Discount": "0.3",
  "Profit": "-29.25"
}, {
  "Order_ID": "CA-2016-130946",
  "Order_Date": "2016-04-08",
  "Customer_ID": "ZC-21910",
  "State": "Texas",
  "Region": "Central",
  "Category": "Furniture",
  "Sub_Category": "Chairs",
  "Sales": "95.98",
  "Quantity": "4.0",
  "Discount": "0.3",
  "Profit": "-4.11"
}, {
  "Order_ID": "CA-2016-119186",
  "Order_Date": "2016-05-26",
  "Customer_ID": "MS-17710",
  "State": "Texas",
  "Region": "Central",
  "Category": "Furniture",
  "Sub_Category": "Chairs",
  "Sales": "388.43",
  "Quantity": "5.0",
  "Discount": "0.3",
  "Profit": "-88.78"
}, {
  "Order_ID": "CA-2016-152289",
  "Order_Date": "2016-08-26",
  "Customer_ID": "LC-16930",
  "State": "Texas",
  "Region": "Central",
  "Category": "Furniture",
  "Sub_Category": "Chairs",
  "Sales": "1024.72",
  "Quantity": "6.0",
  "Discount": "0.3",
  "Profit": "-29.28"
}, {
  "Order_ID": "CA-2014-101602",
  "Order_Date": "2014-12-15",
  "Customer_ID": "MC-18100",
  "State": "Texas",
  "Region": "Central",
  "Category": "Furniture",
  "Sub_Category": "Chairs",
  "Sales": "763.28",
  "Quantity": "5.0",
  "Discount": "0.3",
  "Profit": "-21.81"
}, {
  "Order_ID": "US-2017-139969",
  "Order_Date": "2017-11-19",
  "Customer_ID": "AF-10870",
  "State": "Texas",
  "Region": "Central",
  "Category": "Furniture",
  "Sub_Category": "Chairs",
  "Sales": "233.06",
  "Quantity": "3.0",
  "Discount": "0.3",
  "Profit": "-53.27"
}, {
  "Order_ID": "US-2017-137491",
  "Order_Date": "2017-11-19",
  "Customer_ID": "LC-16930",
  "State": "Texas",
  "Region": "Central",
  "Category": "Furniture",
  "Sub_Category": "Chairs",
  "Sales": "305.31",
  "Quantity": "2.0",
  "Discount": "0.3",
  "Profit": "-8.72"
}, {
  "Order_ID": "CA-2015-122623",
  "Order_Date": "2015-09-07",
  "Customer_ID": "CC-12145",
  "State": "Texas",
  "Region": "Central",
  "Category": "Furniture",
  "Sub_Category": "Chairs",
  "Sales": "47.52",
  "Quantity": "2.0",
  "Discount": "0.3",
  "Profit": "-2.04"
}, {
  "Order_ID": "US-2015-114839",
  "Order_Date": "2015-04-26",
  "Customer_ID": "PW-19240",
  "State": "Texas",
  "Region": "Central",
  "Category": "Furniture",
  "Sub_Category": "Chairs",
  "Sales": "408.42",
  "Quantity": "2.0",
  "Discount": "0.3",
  "Profit": "-5.83"
}, {
  "Order_ID": "US-2016-148110",
  "Order_Date": "2016-09-05",
  "Customer_ID": "AR-10825",
  "State": "Texas",
  "Region": "Central",
  "Category": "Furniture",
  "Sub_Category": "Chairs",
  "Sales": "347.8",
  "Quantity": "7.0",
  "Discount": "0.3",
  "Profit": "-24.84"
}, {
  "Order_ID": "US-2016-127971",
  "Order_Date": "2016-11-20",
  "Customer_ID": "DW-13195",
  "State": "Texas",
  "Region": "Central",
  "Category": "Furniture",
  "Sub_Category": "Chairs",
  "Sales": "318.43",
  "Quantity": "5.0",
  "Discount": "0.3",
  "Profit": "-77.33"
}, {
  "Order_ID": "CA-2017-113355",
  "Order_Date": "2017-12-01",
  "Customer_ID": "SJ-20215",
  "State": "Texas",
  "Region": "Central",
  "Category": "Furniture",
  "Sub_Category": "Chairs",
  "Sales": "317.06",
  "Quantity": "3.0",
  "Discount": "0.3",
  "Profit": "-18.12"
}, {
  "Order_ID": "CA-2016-116799",
  "Order_Date": "2016-03-03",
  "Customer_ID": "JG-15310",
  "State": "Texas",
  "Region": "Central",
  "Category": "Furniture",
  "Sub_Category": "Chairs",
  "Sales": "563.43",
  "Quantity": "5.0",
  "Discount": "0.3",
  "Profit": "-56.34"
}, {
  "Order_ID": "CA-2015-118955",
  "Order_Date": "2015-06-16",
  "Customer_ID": "LS-17230",
  "State": "Texas",
  "Region": "Central",
  "Category": "Furniture",
  "Sub_Category": "Chairs",
  "Sales": "197.37",
  "Quantity": "2.0",
  "Discount": "0.3",
  "Profit": "-25.38"
}, {
  "Order_ID": "CA-2016-119963",
  "Order_Date": "2016-11-18",
  "Customer_ID": "SN-20710",
  "State": "Texas",
  "Region": "Central",
  "Category": "Furniture",
  "Sub_Category": "Chairs",
  "Sales": "255.11",
  "Quantity": "6.0",
  "Discount": "0.3",
  "Profit": "-18.22"
}, {
  "Order_ID": "CA-2014-110219",
  "Order_Date": "2014-05-05",
  "Customer_ID": "EB-13870",
  "State": "Texas",
  "Region": "Central",
  "Category": "Furniture",
  "Sub_Category": "Chairs",
  "Sales": "127.87",
  "Quantity": "3.0",
  "Discount": "0.3",
  "Profit": "-9.13"
}, {
  "Order_ID": "CA-2014-159310",
  "Order_Date": "2014-11-07",
  "Customer_ID": "SC-20725",
  "State": "Texas",
  "Region": "Central",
  "Category": "Furniture",
  "Sub_Category": "Chairs",
  "Sales": "683.14",
  "Quantity": "4.0",
  "Discount": "0.3",
  "Profit": "0.0"
}, {
  "Order_ID": "US-2014-161613",
  "Order_Date": "2014-12-01",
  "Customer_ID": "MC-17605",
  "State": "Texas",
  "Region": "Central",
  "Category": "Furniture",
  "Sub_Category": "Chairs",
  "Sales": "674.06",
  "Quantity": "3.0",
  "Discount": "0.3",
  "Profit": "-19.26"
}, {
  "Order_ID": "CA-2017-163125",
  "Order_Date": "2017-10-09",
  "Customer_ID": "MB-17305",
  "State": "Texas",
  "Region": "Central",
  "Category": "Furniture",
  "Sub_Category": "Chairs",
  "Sales": "254.06",
  "Quantity": "3.0",
  "Discount": "0.3",
  "Profit": "-32.66"
}, {
  "Order_ID": "CA-2014-113859",
  "Order_Date": "2014-09-13",
  "Customer_ID": "BC-11125",
  "State": "Texas",
  "Region": "Central",
  "Category": "Furniture",
  "Sub_Category": "Chairs",
  "Sales": "340.12",
  "Quantity": "6.0",
  "Discount": "0.3",
  "Profit": "-9.72"
}, {
  "Order_ID": "CA-2014-146283",
  "Order_Date": "2014-09-08",
  "Customer_ID": "KT-16465",
  "State": "Texas",
  "Region": "Central",
  "Category": "Furniture",
  "Sub_Category": "Chairs",
  "Sales": "966.7",
  "Quantity": "5.0",
  "Discount": "0.3",
  "Profit": "-13.81"
}, {
  "Order_ID": "CA-2017-131254",
  "Order_Date": "2017-11-19",
  "Customer_ID": "NC-18415",
  "State": "Texas",
  "Region": "Central",
  "Category": "Furniture",
  "Sub_Category": "Chairs",
  "Sales": "191.06",
  "Quantity": "3.0",
  "Discount": "0.3",
  "Profit": "-46.4"
}, {
  "Order_ID": "CA-2015-119550",
  "Order_Date": "2015-12-26",
  "Customer_ID": "RB-19705",
  "State": "Texas",
  "Region": "Central",
  "Category": "Furniture",
  "Sub_Category": "Chairs",
  "Sales": "275.06",
  "Quantity": "3.0",
  "Discount": "0.3",
  "Profit": "-90.38"
}, {
  "Order_ID": "CA-2016-133697",
  "Order_Date": "2016-10-20",
  "Customer_ID": "CM-12445",
  "State": "Texas",
  "Region": "Central",
  "Category": "Furniture",
  "Sub_Category": "Chairs",
  "Sales": "56.69",
  "Quantity": "1.0",
  "Discount": "0.3",
  "Profit": "-14.58"
}, {
  "Order_ID": "CA-2017-161774",
  "Order_Date": "2017-05-14",
  "Customer_ID": "GT-14710",
  "State": "Texas",
  "Region": "Central",
  "Category": "Furniture",
  "Sub_Category": "Chairs",
  "Sales": "899.43",
  "Quantity": "5.0",
  "Discount": "0.3",
  "Profit": "-12.85"
}, {
  "Order_ID": "CA-2014-100678",
  "Order_Date": "2014-04-18",
  "Customer_ID": "KM-16720",
  "State": "Texas",
  "Region": "Central",
  "Category": "Furniture",
  "Sub_Category": "Chairs",
  "Sales": "317.06",
  "Quantity": "3.0",
  "Discount": "0.3",
  "Profit": "-18.12"
}, {
  "Order_ID": "CA-2015-141250",
  "Order_Date": "2015-01-19",
  "Customer_ID": "PM-18940",
  "State": "Texas",
  "Region": "Central",
  "Category": "Furniture",
  "Sub_Category": "Chairs",
  "Sales": "199.3",
  "Quantity": "4.0",
  "Discount": "0.3",
  "Profit": "-8.54"
}, {
  "Order_ID": "US-2017-124779",
  "Order_Date": "2017-09-08",
  "Customer_ID": "BF-11020",
  "State": "Texas",
  "Region": "Central",
  "Category": "Furniture",
  "Sub_Category": "Chairs",
  "Sales": "213.43",
  "Quantity": "5.0",
  "Discount": "0.3",
  "Profit": "-39.64"
}, {
  "Order_ID": "CA-2017-133102",
  "Order_Date": "2017-08-17",
  "Customer_ID": "ED-13885",
  "State": "Texas",
  "Region": "Central",
  "Category": "Furniture",
  "Sub_Category": "Chairs",
  "Sales": "74.59",
  "Quantity": "4.0",
  "Discount": "0.3",
  "Profit": "-2.13"
}, {
  "Order_ID": "US-2014-143721",
  "Order_Date": "2014-11-23",
  "Customer_ID": "DK-12835",
  "State": "Texas",
  "Region": "Central",
  "Category": "Furniture",
  "Sub_Category": "Chairs",
  "Sales": "155.37",
  "Quantity": "2.0",
  "Discount": "0.3",
  "Profit": "-35.51"
}, {
  "Order_ID": "CA-2016-101693",
  "Order_Date": "2016-06-25",
  "Customer_ID": "LC-17140",
  "State": "Texas",
  "Region": "Central",
  "Category": "Furniture",
  "Sub_Category": "Chairs",
  "Sales": "85.25",
  "Quantity": "2.0",
  "Discount": "0.3",
  "Profit": "-6.09"
}, {
  "Order_ID": "CA-2017-105669",
  "Order_Date": "2017-09-17",
  "Customer_ID": "SJ-20125",
  "State": "Texas",
  "Region": "Central",
  "Category": "Furniture",
  "Sub_Category": "Chairs",
  "Sales": "318.43",
  "Quantity": "5.0",
  "Discount": "0.3",
  "Profit": "-77.33"
}, {
  "Order_ID": "CA-2014-162089",
  "Order_Date": "2014-03-30",
  "Customer_ID": "MP-17470",
  "State": "Texas",
  "Region": "Central",
  "Category": "Furniture",
  "Sub_Category": "Chairs",
  "Sales": "127.3",
  "Quantity": "7.0",
  "Discount": "0.3",
  "Profit": "-9.09"
}, {
  "Order_ID": "CA-2015-139374",
  "Order_Date": "2015-09-10",
  "Customer_ID": "AR-10345",
  "State": "Texas",
  "Region": "Central",
  "Category": "Furniture",
  "Sub_Category": "Chairs",
  "Sales": "179.89",
  "Quantity": "1.0",
  "Discount": "0.3",
  "Profit": "-2.57"
}, {
  "Order_ID": "CA-2014-131009",
  "Order_Date": "2014-03-01",
  "Customer_ID": "SC-20380",
  "State": "Texas",
  "Region": "Central",
  "Category": "Furniture",
  "Sub_Category": "Chairs",
  "Sales": "362.25",
  "Quantity": "6.0",
  "Discount": "0.3",
  "Profit": "0.0"
}, {
  "Order_ID": "CA-2014-129189",
  "Order_Date": "2014-07-21",
  "Customer_ID": "HM-14860",
  "State": "Texas",
  "Region": "Central",
  "Category": "Furniture",
  "Sub_Category": "Chairs",
  "Sales": "657.93",
  "Quantity": "5.0",
  "Discount": "0.3",
  "Profit": "-93.99"
}, {
  "Order_ID": "CA-2017-151750",
  "Order_Date": "2017-01-01",
  "Customer_ID": "JM-15250",
  "State": "Texas",
  "Region": "Central",
  "Category": "Furniture",
  "Sub_Category": "Chairs",
  "Sales": "310.74",
  "Quantity": "4.0",
  "Discount": "0.3",
  "Profit": "-26.64"
}, {
  "Order_ID": "CA-2016-130393",
  "Order_Date": "2016-12-01",
  "Customer_ID": "JM-15865",
  "State": "Texas",
  "Region": "Central",
  "Category": "Furniture",
  "Sub_Category": "Chairs",
  "Sales": "248.43",
  "Quantity": "5.0",
  "Discount": "0.3",
  "Profit": "-17.75"
}, {
  "Order_ID": "CA-2016-130393",
  "Order_Date": "2016-12-01",
  "Customer_ID": "JM-15865",
  "State": "Texas",
  "Region": "Central",
  "Category": "Furniture",
  "Sub_Category": "Chairs",
  "Sales": "85.25",
  "Quantity": "2.0",
  "Discount": "0.3",
  "Profit": "-1.22"
}, {
  "Order_ID": "CA-2014-161508",
  "Order_Date": "2014-07-12",
  "Customer_ID": "PV-18985",
  "State": "Texas",
  "Region": "Central",
  "Category": "Furniture",
  "Sub_Category": "Chairs",
  "Sales": "512.36",
  "Quantity": "3.0",
  "Discount": "0.3",
  "Profit": "-14.64"
}, {
  "Order_ID": "CA-2016-163048",
  "Order_Date": "2016-02-08",
  "Customer_ID": "MH-17440",
  "State": "Texas",
  "Region": "Central",
  "Category": "Furniture",
  "Sub_Category": "Chairs",
  "Sales": "241.5",
  "Quantity": "4.0",
  "Discount": "0.3",
  "Profit": "0.0"
}, {
  "Order_ID": "CA-2016-125087",
  "Order_Date": "2016-04-18",
  "Customer_ID": "TH-21115",
  "State": "Texas",
  "Region": "Central",
  "Category": "Furniture",
  "Sub_Category": "Chairs",
  "Sales": "344.37",
  "Quantity": "4.0",
  "Discount": "0.3",
  "Profit": "-93.47"
}, {
  "Order_ID": "CA-2016-109400",
  "Order_Date": "2016-05-02",
  "Customer_ID": "NR-18550",
  "State": "Texas",
  "Region": "Central",
  "Category": "Furniture",
  "Sub_Category": "Chairs",
  "Sales": "366.74",
  "Quantity": "4.0",
  "Discount": "0.3",
  "Profit": "-110.02"
}, {
  "Order_ID": "CA-2016-120824",
  "Order_Date": "2016-06-12",
  "Customer_ID": "AW-10930",
  "State": "Texas",
  "Region": "Central",
  "Category": "Furniture",
  "Sub_Category": "Chairs",
  "Sales": "379.37",
  "Quantity": "2.0",
  "Discount": "0.3",
  "Profit": "-119.23"
}, {
  "Order_ID": "CA-2016-102813",
  "Order_Date": "2016-07-02",
  "Customer_ID": "EA-14035",
  "State": "Texas",
  "Region": "Central",
  "Category": "Furniture",
  "Sub_Category": "Chairs",
  "Sales": "528.43",
  "Quantity": "5.0",
  "Discount": "0.3",
  "Profit": "0.0"
}, {
  "Order_ID": "CA-2017-150266",
  "Order_Date": "2017-11-25",
  "Customer_ID": "RO-19780",
  "State": "Texas",
  "Region": "Central",
  "Category": "Furniture",
  "Sub_Category": "Chairs",
  "Sales": "853.93",
  "Quantity": "5.0",
  "Discount": "0.3",
  "Profit": "-24.4"
}, {
  "Order_ID": "CA-2016-143406",
  "Order_Date": "2016-09-26",
  "Customer_ID": "LR-17035",
  "State": "Texas",
  "Region": "Central",
  "Category": "Furniture",
  "Sub_Category": "Chairs",
  "Sales": "454.97",
  "Quantity": "5.0",
  "Discount": "0.3",
  "Profit": "-136.49"
}, {
  "Order_ID": "US-2015-163433",
  "Order_Date": "2015-04-18",
  "Customer_ID": "MP-17965",
  "State": "Texas",
  "Region": "Central",
  "Category": "Furniture",
  "Sub_Category": "Chairs",
  "Sales": "56.69",
  "Quantity": "1.0",
  "Discount": "0.3",
  "Profit": "-20.25"
}, {
  "Order_ID": "CA-2014-152100",
  "Order_Date": "2014-05-11",
  "Customer_ID": "VW-21775",
  "State": "Texas",
  "Region": "Central",
  "Category": "Furniture",
  "Sub_Category": "Chairs",
  "Sales": "1212.96",
  "Quantity": "8.0",
  "Discount": "0.3",
  "Profit": "-69.31"
}, {
  "Order_ID": "CA-2015-143147",
  "Order_Date": "2015-05-26",
  "Customer_ID": "PS-18760",
  "State": "Texas",
  "Region": "Central",
  "Category": "Furniture",
  "Sub_Category": "Chairs",
  "Sales": "105.69",
  "Quantity": "1.0",
  "Discount": "0.3",
  "Profit": "-28.69"
}, {
  "Order_ID": "CA-2015-143147",
  "Order_Date": "2015-05-26",
  "Customer_ID": "PS-18760",
  "State": "Texas",
  "Region": "Central",
  "Category": "Furniture",
  "Sub_Category": "Chairs",
  "Sales": "104.93",
  "Quantity": "5.0",
  "Discount": "0.3",
  "Profit": "-4.5"
}, {
  "Order_ID": "CA-2017-144491",
  "Order_Date": "2017-03-27",
  "Customer_ID": "CJ-12010",
  "State": "Texas",
  "Region": "Central",
  "Category": "Furniture",
  "Sub_Category": "Chairs",
  "Sales": "600.56",
  "Quantity": "3.0",
  "Discount": "0.3",
  "Profit": "-8.58"
}, {
  "Order_ID": "CA-2017-144491",
  "Order_Date": "2017-03-27",
  "Customer_ID": "CJ-12010",
  "State": "Texas",
  "Region": "Central",
  "Category": "Furniture",
  "Sub_Category": "Chairs",
  "Sales": "211.25",
  "Quantity": "2.0",
  "Discount": "0.3",
  "Profit": "-66.39"
}, {
  "Order_ID": "CA-2014-127166",
  "Order_Date": "2014-05-21",
  "Customer_ID": "KH-16360",
  "State": "Texas",
  "Region": "Central",
  "Category": "Furniture",
  "Sub_Category": "Chairs",
  "Sales": "107.77",
  "Quantity": "2.0",
  "Discount": "0.3",
  "Profit": "-29.25"
}, {
  "Order_ID": "CA-2016-149272",
  "Order_Date": "2016-03-15",
  "Customer_ID": "MY-18295",
  "State": "Texas",
  "Region": "Central",
  "Category": "Furniture",
  "Sub_Category": "Chairs",
  "Sales": "528.43",
  "Quantity": "5.0",
  "Discount": "0.3",
  "Profit": "-143.43"
}, {
  "Order_ID": "CA-2016-161816",
  "Order_Date": "2016-04-28",
  "Customer_ID": "NB-18655",
  "State": "Texas",
  "Region": "Central",
  "Category": "Office Supplies",
  "Sub_Category": "Labels",
  "Sales": "15.71",
  "Quantity": "4.0",
  "Discount": "0.2",
  "Profit": "5.7"
}, {
  "Order_ID": "CA-2017-150959",
  "Order_Date": "2017-11-11",
  "Customer_ID": "TD-20995",
  "State": "Texas",
  "Region": "Central",
  "Category": "Office Supplies",
  "Sub_Category": "Labels",
  "Sales": "10.44",
  "Quantity": "5.0",
  "Discount": "0.2",
  "Profit": "3.39"
}, {
  "Order_ID": "CA-2017-100314",
  "Order_Date": "2017-09-29",
  "Customer_ID": "AS-10630",
  "State": "Texas",
  "Region": "Central",
  "Category": "Office Supplies",
  "Sub_Category": "Labels",
  "Sales": "7.97",
  "Quantity": "2.0",
  "Discount": "0.2",
  "Profit": "2.59"
}, {
  "Order_ID": "CA-2017-105144",
  "Order_Date": "2017-11-04",
  "Customer_ID": "SZ-20035",
  "State": "Texas",
  "Region": "Central",
  "Category": "Office Supplies",
  "Sub_Category": "Labels",
  "Sales": "23.68",
  "Quantity": "2.0",
  "Discount": "0.2",
  "Profit": "8.88"
}, {
  "Order_ID": "CA-2016-123722",
  "Order_Date": "2016-09-25",
  "Customer_ID": "NH-18610",
  "State": "Texas",
  "Region": "Central",
  "Category": "Office Supplies",
  "Sub_Category": "Labels",
  "Sales": "15.94",
  "Quantity": "4.0",
  "Discount": "0.2",
  "Profit": "5.18"
}, {
  "Order_ID": "CA-2015-135391",
  "Order_Date": "2015-02-09",
  "Customer_ID": "FA-14230",
  "State": "Texas",
  "Region": "Central",
  "Category": "Office Supplies",
  "Sub_Category": "Labels",
  "Sales": "40.1",
  "Quantity": "4.0",
  "Discount": "0.2",
  "Profit": "13.53"
}, {
  "Order_ID": "CA-2017-154718",
  "Order_Date": "2017-01-19",
  "Customer_ID": "DL-12865",
  "State": "Texas",
  "Region": "Central",
  "Category": "Office Supplies",
  "Sub_Category": "Labels",
  "Sales": "6.0",
  "Quantity": "2.0",
  "Discount": "0.2",
  "Profit": "2.1"
}, {
  "Order_ID": "CA-2014-110352",
  "Order_Date": "2014-11-23",
  "Customer_ID": "ED-13885",
  "State": "Texas",
  "Region": "Central",
  "Category": "Office Supplies",
  "Sub_Category": "Labels",
  "Sales": "23.68",
  "Quantity": "2.0",
  "Discount": "0.2",
  "Profit": "8.88"
}, {
  "Order_ID": "CA-2014-127446",
  "Order_Date": "2014-11-25",
  "Customer_ID": "MC-17590",
  "State": "Texas",
  "Region": "Central",
  "Category": "Office Supplies",
  "Sub_Category": "Labels",
  "Sales": "2.52",
  "Quantity": "1.0",
  "Discount": "0.2",
  "Profit": "0.88"
}, {
  "Order_ID": "CA-2014-127446",
  "Order_Date": "2014-11-25",
  "Customer_ID": "MC-17590",
  "State": "Texas",
  "Region": "Central",
  "Category": "Office Supplies",
  "Sub_Category": "Labels",
  "Sales": "5.9",
  "Quantity": "2.0",
  "Discount": "0.2",
  "Profit": "1.99"
}, {
  "Order_ID": "CA-2017-135692",
  "Order_Date": "2017-04-27",
  "Customer_ID": "CV-12805",
  "State": "Texas",
  "Region": "Central",
  "Category": "Office Supplies",
  "Sub_Category": "Labels",
  "Sales": "33.12",
  "Quantity": "4.0",
  "Discount": "0.2",
  "Profit": "11.59"
}, {
  "Order_ID": "CA-2016-103037",
  "Order_Date": "2016-07-25",
  "Customer_ID": "KH-16630",
  "State": "Texas",
  "Region": "Central",
  "Category": "Office Supplies",
  "Sub_Category": "Labels",
  "Sales": "15.71",
  "Quantity": "4.0",
  "Discount": "0.2",
  "Profit": "5.7"
}, {
  "Order_ID": "CA-2016-119963",
  "Order_Date": "2016-11-18",
  "Customer_ID": "SN-20710",
  "State": "Texas",
  "Region": "Central",
  "Category": "Office Supplies",
  "Sub_Category": "Labels",
  "Sales": "48.85",
  "Quantity": "2.0",
  "Discount": "0.2",
  "Profit": "15.88"
}, {
  "Order_ID": "CA-2015-116687",
  "Order_Date": "2015-05-02",
  "Customer_ID": "NC-18625",
  "State": "Texas",
  "Region": "Central",
  "Category": "Office Supplies",
  "Sub_Category": "Labels",
  "Sales": "8.86",
  "Quantity": "3.0",
  "Discount": "0.2",
  "Profit": "2.99"
}, {
  "Order_ID": "CA-2015-105690",
  "Order_Date": "2015-11-21",
  "Customer_ID": "CA-11965",
  "State": "Texas",
  "Region": "Central",
  "Category": "Office Supplies",
  "Sub_Category": "Labels",
  "Sales": "11.7",
  "Quantity": "2.0",
  "Discount": "0.2",
  "Profit": "3.95"
}, {
  "Order_ID": "CA-2016-143441",
  "Order_Date": "2016-11-05",
  "Customer_ID": "EB-14170",
  "State": "Texas",
  "Region": "Central",
  "Category": "Office Supplies",
  "Sub_Category": "Labels",
  "Sales": "11.84",
  "Quantity": "1.0",
  "Discount": "0.2",
  "Profit": "4.44"
}, {
  "Order_ID": "CA-2016-149685",
  "Order_Date": "2016-10-08",
  "Customer_ID": "PM-19135",
  "State": "Texas",
  "Region": "Central",
  "Category": "Office Supplies",
  "Sub_Category": "Labels",
  "Sales": "60.14",
  "Quantity": "6.0",
  "Discount": "0.2",
  "Profit": "20.3"
}, {
  "Order_ID": "CA-2017-122077",
  "Order_Date": "2017-05-19",
  "Customer_ID": "JF-15295",
  "State": "Texas",
  "Region": "Central",
  "Category": "Office Supplies",
  "Sub_Category": "Labels",
  "Sales": "13.22",
  "Quantity": "4.0",
  "Discount": "0.2",
  "Profit": "4.3"
}, {
  "Order_ID": "US-2016-132577",
  "Order_Date": "2016-11-22",
  "Customer_ID": "JE-15475",
  "State": "Texas",
  "Region": "Central",
  "Category": "Office Supplies",
  "Sub_Category": "Labels",
  "Sales": "2.09",
  "Quantity": "1.0",
  "Discount": "0.2",
  "Profit": "0.68"
}, {
  "Order_ID": "CA-2017-139444",
  "Order_Date": "2017-09-09",
  "Customer_ID": "GK-14620",
  "State": "Texas",
  "Region": "Central",
  "Category": "Office Supplies",
  "Sub_Category": "Labels",
  "Sales": "9.86",
  "Quantity": "4.0",
  "Discount": "0.2",
  "Profit": "3.45"
}, {
  "Order_ID": "US-2017-119816",
  "Order_Date": "2017-03-04",
  "Customer_ID": "TT-21460",
  "State": "Texas",
  "Region": "Central",
  "Category": "Office Supplies",
  "Sub_Category": "Labels",
  "Sales": "2.46",
  "Quantity": "1.0",
  "Discount": "0.2",
  "Profit": "0.86"
}, {
  "Order_ID": "CA-2014-151897",
  "Order_Date": "2014-06-06",
  "Customer_ID": "VT-21700",
  "State": "Texas",
  "Region": "Central",
  "Category": "Office Supplies",
  "Sub_Category": "Labels",
  "Sales": "100.24",
  "Quantity": "10.0",
  "Discount": "0.2",
  "Profit": "33.83"
}, {
  "Order_ID": "CA-2014-103744",
  "Order_Date": "2014-02-23",
  "Customer_ID": "MG-17875",
  "State": "Texas",
  "Region": "Central",
  "Category": "Office Supplies",
  "Sub_Category": "Labels",
  "Sales": "6.94",
  "Quantity": "3.0",
  "Discount": "0.2",
  "Profit": "2.34"
}, {
  "Order_ID": "CA-2016-104311",
  "Order_Date": "2016-05-02",
  "Customer_ID": "AS-10090",
  "State": "Texas",
  "Region": "Central",
  "Category": "Office Supplies",
  "Sub_Category": "Labels",
  "Sales": "5.04",
  "Quantity": "2.0",
  "Discount": "0.2",
  "Profit": "1.76"
}, {
  "Order_ID": "CA-2015-119690",
  "Order_Date": "2015-06-25",
  "Customer_ID": "MV-17485",
  "State": "Texas",
  "Region": "Central",
  "Category": "Office Supplies",
  "Sub_Category": "Labels",
  "Sales": "4.61",
  "Quantity": "2.0",
  "Discount": "0.2",
  "Profit": "1.67"
}, {
  "Order_ID": "CA-2014-120775",
  "Order_Date": "2014-10-03",
  "Customer_ID": "RD-19930",
  "State": "Texas",
  "Region": "Central",
  "Category": "Office Supplies",
  "Sub_Category": "Labels",
  "Sales": "4.93",
  "Quantity": "2.0",
  "Discount": "0.2",
  "Profit": "1.72"
}, {
  "Order_ID": "CA-2015-121132",
  "Order_Date": "2015-07-17",
  "Customer_ID": "VB-21745",
  "State": "Texas",
  "Region": "Central",
  "Category": "Office Supplies",
  "Sub_Category": "Labels",
  "Sales": "6.26",
  "Quantity": "3.0",
  "Discount": "0.2",
  "Profit": "2.04"
}, {
  "Order_ID": "CA-2016-132829",
  "Order_Date": "2016-12-23",
  "Customer_ID": "LA-16780",
  "State": "Texas",
  "Region": "Central",
  "Category": "Office Supplies",
  "Sub_Category": "Labels",
  "Sales": "45.36",
  "Quantity": "9.0",
  "Discount": "0.2",
  "Profit": "14.74"
}, {
  "Order_ID": "CA-2017-148642",
  "Order_Date": "2017-03-06",
  "Customer_ID": "DW-13540",
  "State": "Texas",
  "Region": "Central",
  "Category": "Office Supplies",
  "Sub_Category": "Labels",
  "Sales": "4.93",
  "Quantity": "2.0",
  "Discount": "0.2",
  "Profit": "1.72"
}, {
  "Order_ID": "CA-2015-135251",
  "Order_Date": "2015-08-06",
  "Customer_ID": "RP-19270",
  "State": "Texas",
  "Region": "Central",
  "Category": "Office Supplies",
  "Sub_Category": "Labels",
  "Sales": "35.52",
  "Quantity": "3.0",
  "Discount": "0.2",
  "Profit": "13.32"
}, {
  "Order_ID": "CA-2015-117415",
  "Order_Date": "2015-12-27",
  "Customer_ID": "SN-20710",
  "State": "Texas",
  "Region": "Central",
  "Category": "Technology",
  "Sub_Category": "Phones",
  "Sales": "371.17",
  "Quantity": "4.0",
  "Discount": "0.2",
  "Profit": "41.76"
}, {
  "Order_ID": "CA-2014-139892",
  "Order_Date": "2014-09-08",
  "Customer_ID": "BM-11140",
  "State": "Texas",
  "Region": "Central",
  "Category": "Technology",
  "Sub_Category": "Phones",
  "Sales": "143.98",
  "Quantity": "3.0",
  "Discount": "0.2",
  "Profit": "9.0"
}, {
  "Order_ID": "CA-2014-133753",
  "Order_Date": "2014-06-09",
  "Customer_ID": "CW-11905",
  "State": "Texas",
  "Region": "Central",
  "Category": "Technology",
  "Sub_Category": "Phones",
  "Sales": "7.99",
  "Quantity": "1.0",
  "Discount": "0.2",
  "Profit": "0.6"
}, {
  "Order_ID": "CA-2014-103849",
  "Order_Date": "2014-05-11",
  "Customer_ID": "PG-18895",
  "State": "Texas",
  "Region": "Central",
  "Category": "Technology",
  "Sub_Category": "Phones",
  "Sales": "100.79",
  "Quantity": "1.0",
  "Discount": "0.2",
  "Profit": "6.3"
}, {
  "Order_ID": "CA-2016-161816",
  "Order_Date": "2016-04-28",
  "Customer_ID": "NB-18655",
  "State": "Texas",
  "Region": "Central",
  "Category": "Technology",
  "Sub_Category": "Phones",
  "Sales": "369.58",
  "Quantity": "3.0",
  "Discount": "0.2",
  "Profit": "41.58"
}, {
  "Order_ID": "CA-2017-132682",
  "Order_Date": "2017-06-08",
  "Customer_ID": "TH-21235",
  "State": "Texas",
  "Region": "Central",
  "Category": "Technology",
  "Sub_Category": "Phones",
  "Sales": "381.58",
  "Quantity": "3.0",
  "Discount": "0.2",
  "Profit": "28.62"
}, {
  "Order_ID": "CA-2017-144113",
  "Order_Date": "2017-09-16",
  "Customer_ID": "JF-15355",
  "State": "Texas",
  "Region": "Central",
  "Category": "Technology",
  "Sub_Category": "Phones",
  "Sales": "55.99",
  "Quantity": "1.0",
  "Discount": "0.2",
  "Profit": "5.6"
}, {
  "Order_ID": "US-2016-137547",
  "Order_Date": "2016-03-07",
  "Customer_ID": "EB-13705",
  "State": "Texas",
  "Region": "Central",
  "Category": "Technology",
  "Sub_Category": "Phones",
  "Sales": "21.07",
  "Quantity": "3.0",
  "Discount": "0.2",
  "Profit": "1.58"
}, {
  "Order_ID": "US-2016-110156",
  "Order_Date": "2016-11-19",
  "Customer_ID": "EH-13945",
  "State": "Texas",
  "Region": "Central",
  "Category": "Technology",
  "Sub_Category": "Phones",
  "Sales": "71.96",
  "Quantity": "5.0",
  "Discount": "0.2",
  "Profit": "25.19"
}, {
  "Order_ID": "CA-2016-101966",
  "Order_Date": "2016-07-14",
  "Customer_ID": "BM-11785",
  "State": "Texas",
  "Region": "Central",
  "Category": "Technology",
  "Sub_Category": "Phones",
  "Sales": "419.94",
  "Quantity": "7.0",
  "Discount": "0.2",
  "Profit": "52.49"
}, {
  "Order_ID": "CA-2014-101602",
  "Order_Date": "2014-12-15",
  "Customer_ID": "MC-18100",
  "State": "Texas",
  "Region": "Central",
  "Category": "Technology",
  "Sub_Category": "Phones",
  "Sales": "40.68",
  "Quantity": "3.0",
  "Discount": "0.2",
  "Profit": "-9.15"
}, {
  "Order_ID": "CA-2017-159457",
  "Order_Date": "2017-10-19",
  "Customer_ID": "RD-19480",
  "State": "Texas",
  "Region": "Central",
  "Category": "Technology",
  "Sub_Category": "Phones",
  "Sales": "16.68",
  "Quantity": "3.0",
  "Discount": "0.2",
  "Profit": "5.21"
}, {
  "Order_ID": "CA-2017-111647",
  "Order_Date": "2017-07-03",
  "Customer_ID": "RD-19585",
  "State": "Texas",
  "Region": "Central",
  "Category": "Technology",
  "Sub_Category": "Phones",
  "Sales": "167.97",
  "Quantity": "4.0",
  "Discount": "0.2",
  "Profit": "62.99"
}, {
  "Order_ID": "CA-2017-112039",
  "Order_Date": "2017-03-25",
  "Customer_ID": "JC-15775",
  "State": "Texas",
  "Region": "Central",
  "Category": "Technology",
  "Sub_Category": "Phones",
  "Sales": "470.38",
  "Quantity": "3.0",
  "Discount": "0.2",
  "Profit": "47.04"
}, {
  "Order_ID": "CA-2016-156685",
  "Order_Date": "2016-07-08",
  "Customer_ID": "SC-20230",
  "State": "Texas",
  "Region": "Central",
  "Category": "Technology",
  "Sub_Category": "Phones",
  "Sales": "863.64",
  "Quantity": "9.0",
  "Discount": "0.2",
  "Profit": "107.96"
}, {
  "Order_ID": "CA-2017-130771",
  "Order_Date": "2017-07-29",
  "Customer_ID": "LA-16780",
  "State": "Texas",
  "Region": "Central",
  "Category": "Technology",
  "Sub_Category": "Phones",
  "Sales": "124.79",
  "Quantity": "1.0",
  "Discount": "0.2",
  "Profit": "15.6"
}, {
  "Order_ID": "US-2017-112613",
  "Order_Date": "2017-05-28",
  "Customer_ID": "JH-15910",
  "State": "Texas",
  "Region": "Central",
  "Category": "Technology",
  "Sub_Category": "Phones",
  "Sales": "54.37",
  "Quantity": "4.0",
  "Discount": "0.2",
  "Profit": "4.08"
}, {
  "Order_ID": "CA-2016-146206",
  "Order_Date": "2016-09-10",
  "Customer_ID": "KT-16480",
  "State": "Texas",
  "Region": "Central",
  "Category": "Technology",
  "Sub_Category": "Phones",
  "Sales": "719.96",
  "Quantity": "5.0",
  "Discount": "0.2",
  "Profit": "54.0"
}, {
  "Order_ID": "CA-2017-164168",
  "Order_Date": "2017-11-12",
  "Customer_ID": "LS-16975",
  "State": "Texas",
  "Region": "Central",
  "Category": "Technology",
  "Sub_Category": "Phones",
  "Sales": "67.99",
  "Quantity": "1.0",
  "Discount": "0.2",
  "Profit": "8.5"
}, {
  "Order_ID": "US-2016-127971",
  "Order_Date": "2016-11-20",
  "Customer_ID": "DW-13195",
  "State": "Texas",
  "Region": "Central",
  "Category": "Technology",
  "Sub_Category": "Phones",
  "Sales": "122.92",
  "Quantity": "7.0",
  "Discount": "0.2",
  "Profit": "46.1"
}, {
  "Order_ID": "CA-2017-113355",
  "Order_Date": "2017-12-01",
  "Customer_ID": "SJ-20215",
  "State": "Texas",
  "Region": "Central",
  "Category": "Technology",
  "Sub_Category": "Phones",
  "Sales": "219.8",
  "Quantity": "5.0",
  "Discount": "0.2",
  "Profit": "24.73"
}, {
  "Order_ID": "CA-2014-104738",
  "Order_Date": "2014-12-30",
  "Customer_ID": "SP-20620",
  "State": "Texas",
  "Region": "Central",
  "Category": "Technology",
  "Sub_Category": "Phones",
  "Sales": "217.58",
  "Quantity": "2.0",
  "Discount": "0.2",
  "Profit": "19.04"
}, {
  "Order_ID": "CA-2014-104738",
  "Order_Date": "2014-12-30",
  "Customer_ID": "SP-20620",
  "State": "Texas",
  "Region": "Central",
  "Category": "Technology",
  "Sub_Category": "Phones",
  "Sales": "328.78",
  "Quantity": "3.0",
  "Discount": "0.2",
  "Profit": "28.77"
}, {
  "Order_ID": "CA-2014-165309",
  "Order_Date": "2014-11-11",
  "Customer_ID": "KD-16270",
  "State": "Texas",
  "Region": "Central",
  "Category": "Technology",
  "Sub_Category": "Phones",
  "Sales": "148.48",
  "Quantity": "2.0",
  "Discount": "0.2",
  "Profit": "16.7"
}, {
  "Order_ID": "CA-2014-165309",
  "Order_Date": "2014-11-11",
  "Customer_ID": "KD-16270",
  "State": "Texas",
  "Region": "Central",
  "Category": "Technology",
  "Sub_Category": "Phones",
  "Sales": "241.18",
  "Quantity": "3.0",
  "Discount": "0.2",
  "Profit": "15.07"
}, {
  "Order_ID": "CA-2017-114258",
  "Order_Date": "2017-11-05",
  "Customer_ID": "EM-13825",
  "State": "Texas",
  "Region": "Central",
  "Category": "Technology",
  "Sub_Category": "Phones",
  "Sales": "492.77",
  "Quantity": "4.0",
  "Discount": "0.2",
  "Profit": "55.44"
}, {
  "Order_ID": "CA-2014-166863",
  "Order_Date": "2014-06-20",
  "Customer_ID": "SC-20020",
  "State": "Texas",
  "Region": "Central",
  "Category": "Technology",
  "Sub_Category": "Phones",
  "Sales": "201.58",
  "Quantity": "2.0",
  "Discount": "0.2",
  "Profit": "20.16"
}, {
  "Order_ID": "CA-2016-132731",
  "Order_Date": "2016-11-24",
  "Customer_ID": "GA-14515",
  "State": "Texas",
  "Region": "Central",
  "Category": "Technology",
  "Sub_Category": "Phones",
  "Sales": "657.55",
  "Quantity": "6.0",
  "Discount": "0.2",
  "Profit": "49.32"
}, {
  "Order_ID": "CA-2015-103205",
  "Order_Date": "2015-12-08",
  "Customer_ID": "JJ-15760",
  "State": "Texas",
  "Region": "Central",
  "Category": "Technology",
  "Sub_Category": "Phones",
  "Sales": "119.96",
  "Quantity": "5.0",
  "Discount": "0.2",
  "Profit": "12.0"
}, {
  "Order_ID": "US-2017-105389",
  "Order_Date": "2017-10-23",
  "Customer_ID": "DM-13015",
  "State": "Texas",
  "Region": "Central",
  "Category": "Technology",
  "Sub_Category": "Phones",
  "Sales": "823.96",
  "Quantity": "5.0",
  "Discount": "0.2",
  "Profit": "51.5"
}, {
  "Order_ID": "CA-2017-126788",
  "Order_Date": "2017-06-05",
  "Customer_ID": "AB-10105",
  "State": "Texas",
  "Region": "Central",
  "Category": "Technology",
  "Sub_Category": "Phones",
  "Sales": "470.38",
  "Quantity": "3.0",
  "Discount": "0.2",
  "Profit": "52.92"
}, {
  "Order_ID": "CA-2017-139311",
  "Order_Date": "2017-08-11",
  "Customer_ID": "SF-20965",
  "State": "Texas",
  "Region": "Central",
  "Category": "Technology",
  "Sub_Category": "Phones",
  "Sales": "153.58",
  "Quantity": "2.0",
  "Discount": "0.2",
  "Profit": "13.44"
}, {
  "Order_ID": "CA-2015-116687",
  "Order_Date": "2015-05-02",
  "Customer_ID": "NC-18625",
  "State": "Texas",
  "Region": "Central",
  "Category": "Technology",
  "Sub_Category": "Phones",
  "Sales": "158.38",
  "Quantity": "3.0",
  "Discount": "0.2",
  "Profit": "13.86"
}, {
  "Order_ID": "CA-2016-108868",
  "Order_Date": "2016-09-08",
  "Customer_ID": "KB-16585",
  "State": "Texas",
  "Region": "Central",
  "Category": "Technology",
  "Sub_Category": "Phones",
  "Sales": "59.96",
  "Quantity": "5.0",
  "Discount": "0.2",
  "Profit": "21.74"
}, {
  "Order_ID": "CA-2015-123155",
  "Order_Date": "2015-03-09",
  "Customer_ID": "NS-18640",
  "State": "Texas",
  "Region": "Central",
  "Category": "Technology",
  "Sub_Category": "Phones",
  "Sales": "359.88",
  "Quantity": "3.0",
  "Discount": "0.2",
  "Profit": "22.49"
}, {
  "Order_ID": "CA-2014-138940",
  "Order_Date": "2014-04-11",
  "Customer_ID": "GM-14455",
  "State": "Texas",
  "Region": "Central",
  "Category": "Technology",
  "Sub_Category": "Phones",
  "Sales": "758.35",
  "Quantity": "6.0",
  "Discount": "0.2",
  "Profit": "265.42"
}, {
  "Order_ID": "CA-2016-103982",
  "Order_Date": "2016-03-03",
  "Customer_ID": "AA-10315",
  "State": "Texas",
  "Region": "Central",
  "Category": "Technology",
  "Sub_Category": "Phones",
  "Sales": "431.98",
  "Quantity": "3.0",
  "Discount": "0.2",
  "Profit": "32.4"
}, {
  "Order_ID": "CA-2014-105165",
  "Order_Date": "2014-09-07",
  "Customer_ID": "SZ-20035",
  "State": "Texas",
  "Region": "Central",
  "Category": "Technology",
  "Sub_Category": "Phones",
  "Sales": "196.78",
  "Quantity": "3.0",
  "Discount": "0.2",
  "Profit": "14.76"
}, {
  "Order_ID": "CA-2015-120320",
  "Order_Date": "2015-03-05",
  "Customer_ID": "MV-18190",
  "State": "Texas",
  "Region": "Central",
  "Category": "Technology",
  "Sub_Category": "Phones",
  "Sales": "31.92",
  "Quantity": "2.0",
  "Discount": "0.2",
  "Profit": "2.39"
}, {
  "Order_ID": "US-2014-168501",
  "Order_Date": "2014-11-21",
  "Customer_ID": "JK-15325",
  "State": "Texas",
  "Region": "Central",
  "Category": "Technology",
  "Sub_Category": "Phones",
  "Sales": "267.96",
  "Quantity": "5.0",
  "Discount": "0.2",
  "Profit": "16.75"
}, {
  "Order_ID": "CA-2016-123932",
  "Order_Date": "2016-09-06",
  "Customer_ID": "YC-21895",
  "State": "Texas",
  "Region": "Central",
  "Category": "Technology",
  "Sub_Category": "Phones",
  "Sales": "329.58",
  "Quantity": "2.0",
  "Discount": "0.2",
  "Profit": "37.08"
}, {
  "Order_ID": "CA-2016-107790",
  "Order_Date": "2016-11-20",
  "Customer_ID": "EH-13990",
  "State": "Texas",
  "Region": "Central",
  "Category": "Technology",
  "Sub_Category": "Phones",
  "Sales": "151.19",
  "Quantity": "1.0",
  "Discount": "0.2",
  "Profit": "13.23"
}, {
  "Order_ID": "CA-2015-110877",
  "Order_Date": "2015-10-23",
  "Customer_ID": "JE-15715",
  "State": "Texas",
  "Region": "Central",
  "Category": "Technology",
  "Sub_Category": "Phones",
  "Sales": "150.38",
  "Quantity": "2.0",
  "Discount": "0.2",
  "Profit": "15.04"
}, {
  "Order_ID": "CA-2014-123225",
  "Order_Date": "2014-07-11",
  "Customer_ID": "MN-17935",
  "State": "Texas",
  "Region": "Central",
  "Category": "Technology",
  "Sub_Category": "Phones",
  "Sales": "575.97",
  "Quantity": "4.0",
  "Discount": "0.2",
  "Profit": "43.2"
}, {
  "Order_ID": "CA-2017-122077",
  "Order_Date": "2017-05-19",
  "Customer_ID": "JF-15295",
  "State": "Texas",
  "Region": "Central",
  "Category": "Technology",
  "Sub_Category": "Phones",
  "Sales": "95.99",
  "Quantity": "1.0",
  "Discount": "0.2",
  "Profit": "9.6"
}, {
  "Order_ID": "CA-2014-148782",
  "Order_Date": "2014-11-02",
  "Customer_ID": "PO-18850",
  "State": "Texas",
  "Region": "Central",
  "Category": "Technology",
  "Sub_Category": "Phones",
  "Sales": "88.78",
  "Quantity": "3.0",
  "Discount": "0.2",
  "Profit": "7.77"
}, {
  "Order_ID": "CA-2017-166919",
  "Order_Date": "2017-11-23",
  "Customer_ID": "AH-10210",
  "State": "Texas",
  "Region": "Central",
  "Category": "Technology",
  "Sub_Category": "Phones",
  "Sales": "195.96",
  "Quantity": "5.0",
  "Discount": "0.2",
  "Profit": "19.6"
}, {
  "Order_ID": "CA-2017-161774",
  "Order_Date": "2017-05-14",
  "Customer_ID": "GT-14710",
  "State": "Texas",
  "Region": "Central",
  "Category": "Technology",
  "Sub_Category": "Phones",
  "Sales": "7.99",
  "Quantity": "1.0",
  "Discount": "0.2",
  "Profit": "0.7"
}, {
  "Order_ID": "CA-2015-166583",
  "Order_Date": "2015-06-26",
  "Customer_ID": "VD-21670",
  "State": "Texas",
  "Region": "Central",
  "Category": "Technology",
  "Sub_Category": "Phones",
  "Sales": "971.88",
  "Quantity": "3.0",
  "Discount": "0.2",
  "Profit": "109.34"
}, {
  "Order_ID": "CA-2017-105669",
  "Order_Date": "2017-09-17",
  "Customer_ID": "SJ-20125",
  "State": "Texas",
  "Region": "Central",
  "Category": "Technology",
  "Sub_Category": "Phones",
  "Sales": "1415.76",
  "Quantity": "6.0",
  "Discount": "0.2",
  "Profit": "88.49"
}, {
  "Order_ID": "CA-2014-103492",
  "Order_Date": "2014-10-10",
  "Customer_ID": "CM-12715",
  "State": "Texas",
  "Region": "Central",
  "Category": "Technology",
  "Sub_Category": "Phones",
  "Sales": "719.95",
  "Quantity": "6.0",
  "Discount": "0.2",
  "Profit": "72.0"
}, {
  "Order_ID": "CA-2014-103492",
  "Order_Date": "2014-10-10",
  "Customer_ID": "CM-12715",
  "State": "Texas",
  "Region": "Central",
  "Category": "Technology",
  "Sub_Category": "Phones",
  "Sales": "755.94",
  "Quantity": "7.0",
  "Discount": "0.2",
  "Profit": "66.15"
}, {
  "Order_ID": "CA-2014-162089",
  "Order_Date": "2014-03-30",
  "Customer_ID": "MP-17470",
  "State": "Texas",
  "Region": "Central",
  "Category": "Technology",
  "Sub_Category": "Phones",
  "Sales": "251.94",
  "Quantity": "7.0",
  "Discount": "0.2",
  "Profit": "88.18"
}, {
  "Order_ID": "CA-2015-112711",
  "Order_Date": "2015-07-12",
  "Customer_ID": "FM-14380",
  "State": "Texas",
  "Region": "Central",
  "Category": "Technology",
  "Sub_Category": "Phones",
  "Sales": "307.17",
  "Quantity": "4.0",
  "Discount": "0.2",
  "Profit": "30.72"
}, {
  "Order_ID": "CA-2016-112382",
  "Order_Date": "2016-05-09",
  "Customer_ID": "MB-18085",
  "State": "Texas",
  "Region": "Central",
  "Category": "Technology",
  "Sub_Category": "Phones",
  "Sales": "19.14",
  "Quantity": "2.0",
  "Discount": "0.2",
  "Profit": "1.91"
}, {
  "Order_ID": "CA-2017-159149",
  "Order_Date": "2017-02-17",
  "Customer_ID": "CR-12820",
  "State": "Texas",
  "Region": "Central",
  "Category": "Technology",
  "Sub_Category": "Phones",
  "Sales": "438.34",
  "Quantity": "4.0",
  "Discount": "0.2",
  "Profit": "-87.67"
}, {
  "Order_ID": "CA-2016-132829",
  "Order_Date": "2016-12-23",
  "Customer_ID": "LA-16780",
  "State": "Texas",
  "Region": "Central",
  "Category": "Technology",
  "Sub_Category": "Phones",
  "Sales": "453.58",
  "Quantity": "3.0",
  "Discount": "0.2",
  "Profit": "39.69"
}, {
  "Order_ID": "CA-2016-132829",
  "Order_Date": "2016-12-23",
  "Customer_ID": "LA-16780",
  "State": "Texas",
  "Region": "Central",
  "Category": "Technology",
  "Sub_Category": "Phones",
  "Sales": "287.88",
  "Quantity": "3.0",
  "Discount": "0.2",
  "Profit": "35.99"
}, {
  "Order_ID": "CA-2016-132829",
  "Order_Date": "2016-12-23",
  "Customer_ID": "LA-16780",
  "State": "Texas",
  "Region": "Central",
  "Category": "Technology",
  "Sub_Category": "Phones",
  "Sales": "131.88",
  "Quantity": "3.0",
  "Discount": "0.2",
  "Profit": "14.84"
}, {
  "Order_ID": "CA-2016-134110",
  "Order_Date": "2016-11-17",
  "Customer_ID": "BG-11035",
  "State": "Texas",
  "Region": "Central",
  "Category": "Technology",
  "Sub_Category": "Phones",
  "Sales": "67.18",
  "Quantity": "3.0",
  "Discount": "0.2",
  "Profit": "6.72"
}, {
  "Order_ID": "US-2016-116365",
  "Order_Date": "2016-01-03",
  "Customer_ID": "CA-12310",
  "State": "Texas",
  "Region": "Central",
  "Category": "Technology",
  "Sub_Category": "Phones",
  "Sales": "180.96",
  "Quantity": "5.0",
  "Discount": "0.2",
  "Profit": "13.57"
}, {
  "Order_ID": "CA-2015-131856",
  "Order_Date": "2015-05-12",
  "Customer_ID": "JG-15160",
  "State": "Texas",
  "Region": "Central",
  "Category": "Technology",
  "Sub_Category": "Phones",
  "Sales": "619.15",
  "Quantity": "6.0",
  "Discount": "0.2",
  "Profit": "69.65"
}, {
  "Order_ID": "CA-2016-111318",
  "Order_Date": "2016-07-23",
  "Customer_ID": "IL-15100",
  "State": "Texas",
  "Region": "Central",
  "Category": "Technology",
  "Sub_Category": "Phones",
  "Sales": "115.14",
  "Quantity": "8.0",
  "Discount": "0.2",
  "Profit": "11.51"
}, {
  "Order_ID": "CA-2017-162075",
  "Order_Date": "2017-03-18",
  "Customer_ID": "TT-21220",
  "State": "Texas",
  "Region": "Central",
  "Category": "Technology",
  "Sub_Category": "Phones",
  "Sales": "537.54",
  "Quantity": "7.0",
  "Discount": "0.2",
  "Profit": "47.04"
}, {
  "Order_ID": "US-2015-168704",
  "Order_Date": "2015-04-13",
  "Customer_ID": "FP-14320",
  "State": "Texas",
  "Region": "Central",
  "Category": "Technology",
  "Sub_Category": "Phones",
  "Sales": "239.98",
  "Quantity": "3.0",
  "Discount": "0.2",
  "Profit": "18.0"
}, {
  "Order_ID": "CA-2017-150266",
  "Order_Date": "2017-11-25",
  "Customer_ID": "RO-19780",
  "State": "Texas",
  "Region": "Central",
  "Category": "Technology",
  "Sub_Category": "Phones",
  "Sales": "299.96",
  "Quantity": "5.0",
  "Discount": "0.2",
  "Profit": "37.5"
}, {
  "Order_ID": "US-2017-116491",
  "Order_Date": "2017-11-11",
  "Customer_ID": "PG-18820",
  "State": "Texas",
  "Region": "Central",
  "Category": "Technology",
  "Sub_Category": "Phones",
  "Sales": "35.18",
  "Quantity": "2.0",
  "Discount": "0.2",
  "Profit": "12.31"
}, {
  "Order_ID": "CA-2017-157420",
  "Order_Date": "2017-11-21",
  "Customer_ID": "HZ-14950",
  "State": "Texas",
  "Region": "Central",
  "Category": "Technology",
  "Sub_Category": "Phones",
  "Sales": "55.18",
  "Quantity": "3.0",
  "Discount": "0.2",
  "Profit": "-12.41"
}, {
  "Order_ID": "CA-2017-152933",
  "Order_Date": "2017-10-12",
  "Customer_ID": "MG-17650",
  "State": "Texas",
  "Region": "Central",
  "Category": "Technology",
  "Sub_Category": "Phones",
  "Sales": "369.54",
  "Quantity": "7.0",
  "Discount": "0.2",
  "Profit": "27.72"
}, {
  "Order_ID": "CA-2015-141810",
  "Order_Date": "2015-11-02",
  "Customer_ID": "BB-10990",
  "State": "Texas",
  "Region": "Central",
  "Category": "Technology",
  "Sub_Category": "Phones",
  "Sales": "344.7",
  "Quantity": "2.0",
  "Discount": "0.2",
  "Profit": "38.78"
}, {
  "Order_ID": "US-2015-163433",
  "Order_Date": "2015-04-18",
  "Customer_ID": "MP-17965",
  "State": "Texas",
  "Region": "Central",
  "Category": "Technology",
  "Sub_Category": "Phones",
  "Sales": "244.77",
  "Quantity": "4.0",
  "Discount": "0.2",
  "Profit": "24.48"
}, {
  "Order_ID": "US-2015-163433",
  "Order_Date": "2015-04-18",
  "Customer_ID": "MP-17965",
  "State": "Texas",
  "Region": "Central",
  "Category": "Technology",
  "Sub_Category": "Phones",
  "Sales": "97.97",
  "Quantity": "2.0",
  "Discount": "0.2",
  "Profit": "6.12"
}, {
  "Order_ID": "CA-2015-166219",
  "Order_Date": "2015-08-28",
  "Customer_ID": "BP-11185",
  "State": "Texas",
  "Region": "Central",
  "Category": "Technology",
  "Sub_Category": "Phones",
  "Sales": "1099.96",
  "Quantity": "5.0",
  "Discount": "0.2",
  "Profit": "82.5"
}, {
  "Order_ID": "CA-2015-104052",
  "Order_Date": "2015-03-01",
  "Customer_ID": "TP-21565",
  "State": "Texas",
  "Region": "Central",
  "Category": "Technology",
  "Sub_Category": "Phones",
  "Sales": "95.84",
  "Quantity": "4.0",
  "Discount": "0.2",
  "Profit": "34.74"
}, {
  "Order_ID": "CA-2016-108210",
  "Order_Date": "2016-05-30",
  "Customer_ID": "AT-10735",
  "State": "Texas",
  "Region": "Central",
  "Category": "Technology",
  "Sub_Category": "Phones",
  "Sales": "79.96",
  "Quantity": "5.0",
  "Discount": "0.2",
  "Profit": "8.0"
}, {
  "Order_ID": "US-2014-141215",
  "Order_Date": "2014-06-15",
  "Customer_ID": "KL-16555",
  "State": "Texas",
  "Region": "Central",
  "Category": "Furniture",
  "Sub_Category": "Tables",
  "Sales": "99.92",
  "Quantity": "2.0",
  "Discount": "0.3",
  "Profit": "-18.56"
}, {
  "Order_ID": "CA-2015-139094",
  "Order_Date": "2015-11-22",
  "Customer_ID": "MO-17800",
  "State": "Texas",
  "Region": "Central",
  "Category": "Furniture",
  "Sub_Category": "Tables",
  "Sales": "206.96",
  "Quantity": "2.0",
  "Discount": "0.3",
  "Profit": "-32.52"
}, {
  "Order_ID": "CA-2016-159373",
  "Order_Date": "2016-03-13",
  "Customer_ID": "LT-17110",
  "State": "Texas",
  "Region": "Central",
  "Category": "Furniture",
  "Sub_Category": "Tables",
  "Sales": "557.59",
  "Quantity": "5.0",
  "Discount": "0.3",
  "Profit": "0.0"
}, {
  "Order_ID": "CA-2016-146206",
  "Order_Date": "2016-09-10",
  "Customer_ID": "KT-16480",
  "State": "Texas",
  "Region": "Central",
  "Category": "Furniture",
  "Sub_Category": "Tables",
  "Sales": "300.93",
  "Quantity": "5.0",
  "Discount": "0.3",
  "Profit": "-34.39"
}, {
  "Order_ID": "CA-2015-137512",
  "Order_Date": "2015-05-07",
  "Customer_ID": "AG-10675",
  "State": "Texas",
  "Region": "Central",
  "Category": "Furniture",
  "Sub_Category": "Tables",
  "Sales": "244.01",
  "Quantity": "2.0",
  "Discount": "0.3",
  "Profit": "-31.37"
}, {
  "Order_ID": "CA-2017-152583",
  "Order_Date": "2017-10-30",
  "Customer_ID": "RA-19945",
  "State": "Texas",
  "Region": "Central",
  "Category": "Furniture",
  "Sub_Category": "Tables",
  "Sales": "251.01",
  "Quantity": "2.0",
  "Discount": "0.3",
  "Profit": "-68.13"
}, {
  "Order_ID": "CA-2017-112529",
  "Order_Date": "2017-11-19",
  "Customer_ID": "SC-20770",
  "State": "Texas",
  "Region": "Central",
  "Category": "Furniture",
  "Sub_Category": "Tables",
  "Sales": "718.12",
  "Quantity": "6.0",
  "Discount": "0.3",
  "Profit": "-71.81"
}, {
  "Order_ID": "CA-2016-163153",
  "Order_Date": "2016-03-21",
  "Customer_ID": "DM-12955",
  "State": "Texas",
  "Region": "Central",
  "Category": "Furniture",
  "Sub_Category": "Tables",
  "Sales": "99.37",
  "Quantity": "2.0",
  "Discount": "0.3",
  "Profit": "-1.42"
}, {
  "Order_ID": "CA-2016-145730",
  "Order_Date": "2016-03-03",
  "Customer_ID": "CC-12220",
  "State": "Texas",
  "Region": "Central",
  "Category": "Furniture",
  "Sub_Category": "Tables",
  "Sales": "637.9",
  "Quantity": "3.0",
  "Discount": "0.3",
  "Profit": "-127.58"
}, {
  "Order_ID": "CA-2014-134572",
  "Order_Date": "2014-04-20",
  "Customer_ID": "SV-20365",
  "State": "Texas",
  "Region": "Central",
  "Category": "Furniture",
  "Sub_Category": "Tables",
  "Sales": "744.1",
  "Quantity": "5.0",
  "Discount": "0.3",
  "Profit": "-95.67"
}, {
  "Order_ID": "CA-2014-134572",
  "Order_Date": "2014-04-20",
  "Customer_ID": "SV-20365",
  "State": "Texas",
  "Region": "Central",
  "Category": "Furniture",
  "Sub_Category": "Tables",
  "Sales": "401.59",
  "Quantity": "2.0",
  "Discount": "0.3",
  "Profit": "-131.95"
}, {
  "Order_ID": "CA-2014-105165",
  "Order_Date": "2014-09-07",
  "Customer_ID": "SZ-20035",
  "State": "Texas",
  "Region": "Central",
  "Category": "Furniture",
  "Sub_Category": "Tables",
  "Sales": "200.8",
  "Quantity": "1.0",
  "Discount": "0.3",
  "Profit": "-22.95"
}, {
  "Order_ID": "CA-2015-118738",
  "Order_Date": "2015-10-24",
  "Customer_ID": "AG-10495",
  "State": "Texas",
  "Region": "Central",
  "Category": "Furniture",
  "Sub_Category": "Tables",
  "Sales": "347.36",
  "Quantity": "7.0",
  "Discount": "0.3",
  "Profit": "-69.47"
}, {
  "Order_ID": "CA-2015-141250",
  "Order_Date": "2015-01-19",
  "Customer_ID": "PM-18940",
  "State": "Texas",
  "Region": "Central",
  "Category": "Furniture",
  "Sub_Category": "Tables",
  "Sales": "102.44",
  "Quantity": "1.0",
  "Discount": "0.3",
  "Profit": "-13.17"
}, {
  "Order_ID": "US-2017-160836",
  "Order_Date": "2017-09-11",
  "Customer_ID": "CC-12475",
  "State": "Texas",
  "Region": "Central",
  "Category": "Furniture",
  "Sub_Category": "Tables",
  "Sales": "512.19",
  "Quantity": "5.0",
  "Discount": "0.3",
  "Profit": "-65.85"
}, {
  "Order_ID": "US-2017-123834",
  "Order_Date": "2017-07-21",
  "Customer_ID": "GM-14500",
  "State": "Texas",
  "Region": "Central",
  "Category": "Furniture",
  "Sub_Category": "Tables",
  "Sales": "124.4",
  "Quantity": "4.0",
  "Discount": "0.3",
  "Profit": "-21.33"
}, {
  "Order_ID": "CA-2017-167549",
  "Order_Date": "2017-07-25",
  "Customer_ID": "EM-14200",
  "State": "Texas",
  "Region": "Central",
  "Category": "Furniture",
  "Sub_Category": "Tables",
  "Sales": "298.12",
  "Quantity": "6.0",
  "Discount": "0.3",
  "Profit": "-4.26"
}, {
  "Order_ID": "CA-2014-168312",
  "Order_Date": "2014-03-01",
  "Customer_ID": "GW-14605",
  "State": "Texas",
  "Region": "Central",
  "Category": "Furniture",
  "Sub_Category": "Tables",
  "Sales": "376.51",
  "Quantity": "3.0",
  "Discount": "0.3",
  "Profit": "-43.03"
}, {
  "Order_ID": "CA-2017-141705",
  "Order_Date": "2017-10-24",
  "Customer_ID": "PO-18850",
  "State": "Texas",
  "Region": "Central",
  "Category": "Furniture",
  "Sub_Category": "Tables",
  "Sales": "517.41",
  "Quantity": "5.0",
  "Discount": "0.3",
  "Profit": "-81.31"
}, {
  "Order_ID": "CA-2014-124723",
  "Order_Date": "2014-08-05",
  "Customer_ID": "GZ-14470",
  "State": "Texas",
  "Region": "Central",
  "Category": "Furniture",
  "Sub_Category": "Tables",
  "Sales": "489.23",
  "Quantity": "2.0",
  "Discount": "0.3",
  "Profit": "41.93"
}, {
  "Order_ID": "US-2015-168704",
  "Order_Date": "2015-04-13",
  "Customer_ID": "FP-14320",
  "State": "Texas",
  "Region": "Central",
  "Category": "Furniture",
  "Sub_Category": "Tables",
  "Sales": "609.98",
  "Quantity": "4.0",
  "Discount": "0.3",
  "Profit": "-113.28"
}, {
  "Order_ID": "US-2015-168704",
  "Order_Date": "2015-04-13",
  "Customer_ID": "FP-14320",
  "State": "Texas",
  "Region": "Central",
  "Category": "Furniture",
  "Sub_Category": "Tables",
  "Sales": "211.37",
  "Quantity": "2.0",
  "Discount": "0.3",
  "Profit": "-45.29"
}, {
  "Order_ID": "CA-2017-156622",
  "Order_Date": "2017-11-23",
  "Customer_ID": "JP-15460",
  "State": "Texas",
  "Region": "Central",
  "Category": "Furniture",
  "Sub_Category": "Tables",
  "Sales": "127.79",
  "Quantity": "1.0",
  "Discount": "0.3",
  "Profit": "-31.03"
}, {
  "Order_ID": "CA-2017-154011",
  "Order_Date": "2017-06-19",
  "Customer_ID": "DB-13270",
  "State": "Texas",
  "Region": "Central",
  "Category": "Furniture",
  "Sub_Category": "Tables",
  "Sales": "457.49",
  "Quantity": "3.0",
  "Discount": "0.3",
  "Profit": "-84.96"
}, {
  "Order_ID": "CA-2015-166219",
  "Order_Date": "2015-08-28",
  "Customer_ID": "BP-11185",
  "State": "Texas",
  "Region": "Central",
  "Category": "Furniture",
  "Sub_Category": "Tables",
  "Sales": "103.48",
  "Quantity": "1.0",
  "Discount": "0.3",
  "Profit": "-16.26"
}, {
  "Order_ID": "CA-2017-137449",
  "Order_Date": "2017-06-29",
  "Customer_ID": "ME-17725",
  "State": "Texas",
  "Region": "Central",
  "Category": "Furniture",
  "Sub_Category": "Tables",
  "Sales": "307.31",
  "Quantity": "3.0",
  "Discount": "0.3",
  "Profit": "-39.51"
}, {
  "Order_ID": "US-2015-118983",
  "Order_Date": "2015-11-22",
  "Customer_ID": "HP-14815",
  "State": "Texas",
  "Region": "Central",
  "Category": "Office Supplies",
  "Sub_Category": "Binders",
  "Sales": "2.54",
  "Quantity": "3.0",
  "Discount": "0.8",
  "Profit": "-3.82"
}, {
  "Order_ID": "US-2017-118038",
  "Order_Date": "2017-12-09",
  "Customer_ID": "KB-16600",
  "State": "Texas",
  "Region": "Central",
  "Category": "Office Supplies",
  "Sub_Category": "Binders",
  "Sales": "1.25",
  "Quantity": "3.0",
  "Discount": "0.8",
  "Profit": "-1.93"
}, {
  "Order_ID": "US-2015-161991",
  "Order_Date": "2015-09-26",
  "Customer_ID": "SC-20725",
  "State": "Texas",
  "Region": "Central",
  "Category": "Office Supplies",
  "Sub_Category": "Binders",
  "Sales": "2.08",
  "Quantity": "5.0",
  "Discount": "0.8",
  "Profit": "-3.43"
}, {
  "Order_ID": "CA-2015-130792",
  "Order_Date": "2015-04-28",
  "Customer_ID": "RA-19915",
  "State": "Texas",
  "Region": "Central",
  "Category": "Office Supplies",
  "Sub_Category": "Binders",
  "Sales": "12.18",
  "Quantity": "4.0",
  "Discount": "0.8",
  "Profit": "-18.87"
}, {
  "Order_ID": "CA-2015-157812",
  "Order_Date": "2015-03-22",
  "Customer_ID": "DB-13210",
  "State": "Texas",
  "Region": "Central",
  "Category": "Office Supplies",
  "Sub_Category": "Binders",
  "Sales": "14.11",
  "Quantity": "9.0",
  "Discount": "0.8",
  "Profit": "-21.17"
}, {
  "Order_ID": "CA-2015-146563",
  "Order_Date": "2015-08-24",
  "Customer_ID": "CB-12025",
  "State": "Texas",
  "Region": "Central",
  "Category": "Office Supplies",
  "Sub_Category": "Binders",
  "Sales": "2.72",
  "Quantity": "3.0",
  "Discount": "0.8",
  "Profit": "-4.22"
}, {
  "Order_ID": "US-2017-119438",
  "Order_Date": "2017-03-18",
  "Customer_ID": "CD-11980",
  "State": "Texas",
  "Region": "Central",
  "Category": "Office Supplies",
  "Sub_Category": "Binders",
  "Sales": "182.99",
  "Quantity": "3.0",
  "Discount": "0.8",
  "Profit": "-320.24"
}, {
  "Order_ID": "US-2014-115987",
  "Order_Date": "2014-09-08",
  "Customer_ID": "LH-17020",
  "State": "Texas",
  "Region": "Central",
  "Category": "Office Supplies",
  "Sub_Category": "Binders",
  "Sales": "51.18",
  "Quantity": "4.0",
  "Discount": "0.8",
  "Profit": "-79.34"
}, {
  "Order_ID": "CA-2017-150959",
  "Order_Date": "2017-11-11",
  "Customer_ID": "TD-20995",
  "State": "Texas",
  "Region": "Central",
  "Category": "Office Supplies",
  "Sub_Category": "Binders",
  "Sales": "18.34",
  "Quantity": "4.0",
  "Discount": "0.8",
  "Profit": "-32.09"
}, {
  "Order_ID": "US-2014-141215",
  "Order_Date": "2014-06-15",
  "Customer_ID": "KL-16555",
  "State": "Texas",
  "Region": "Central",
  "Category": "Office Supplies",
  "Sub_Category": "Binders",
  "Sales": "8.57",
  "Quantity": "3.0",
  "Discount": "0.8",
  "Profit": "-14.57"
}, {
  "Order_ID": "CA-2015-146829",
  "Order_Date": "2015-03-10",
  "Customer_ID": "TS-21340",
  "State": "Texas",
  "Region": "Central",
  "Category": "Office Supplies",
  "Sub_Category": "Binders",
  "Sales": "1.11",
  "Quantity": "2.0",
  "Discount": "0.8",
  "Profit": "-1.89"
}, {
  "Order_ID": "US-2017-145863",
  "Order_Date": "2017-04-21",
  "Customer_ID": "RP-19390",
  "State": "Texas",
  "Region": "Central",
  "Category": "Office Supplies",
  "Sub_Category": "Binders",
  "Sales": "2.69",
  "Quantity": "3.0",
  "Discount": "0.8",
  "Profit": "-4.71"
}, {
  "Order_ID": "US-2017-145863",
  "Order_Date": "2017-04-21",
  "Customer_ID": "RP-19390",
  "State": "Texas",
  "Region": "Central",
  "Category": "Office Supplies",
  "Sub_Category": "Binders",
  "Sales": "2.93",
  "Quantity": "3.0",
  "Discount": "0.8",
  "Profit": "-4.99"
}, {
  "Order_ID": "US-2016-110156",
  "Order_Date": "2016-11-19",
  "Customer_ID": "EH-13945",
  "State": "Texas",
  "Region": "Central",
  "Category": "Office Supplies",
  "Sub_Category": "Binders",
  "Sales": "10.78",
  "Quantity": "5.0",
  "Discount": "0.8",
  "Profit": "-17.25"
}, {
  "Order_ID": "US-2016-110156",
  "Order_Date": "2016-11-19",
  "Customer_ID": "EH-13945",
  "State": "Texas",
  "Region": "Central",
  "Category": "Office Supplies",
  "Sub_Category": "Binders",
  "Sales": "1.19",
  "Quantity": "2.0",
  "Discount": "0.8",
  "Profit": "-2.03"
}, {
  "Order_ID": "US-2015-149692",
  "Order_Date": "2015-12-06",
  "Customer_ID": "KW-16435",
  "State": "Texas",
  "Region": "Central",
  "Category": "Office Supplies",
  "Sub_Category": "Binders",
  "Sales": "2.77",
  "Quantity": "7.0",
  "Discount": "0.8",
  "Profit": "-4.85"
}, {
  "Order_ID": "CA-2014-122567",
  "Order_Date": "2014-02-16",
  "Customer_ID": "MN-17935",
  "State": "Texas",
  "Region": "Central",
  "Category": "Office Supplies",
  "Sub_Category": "Binders",
  "Sales": "1.08",
  "Quantity": "3.0",
  "Discount": "0.8",
  "Profit": "-1.73"
}, {
  "Order_ID": "CA-2017-112809",
  "Order_Date": "2017-08-18",
  "Customer_ID": "RA-19915",
  "State": "Texas",
  "Region": "Central",
  "Category": "Office Supplies",
  "Sub_Category": "Binders",
  "Sales": "21.38",
  "Quantity": "5.0",
  "Discount": "0.8",
  "Profit": "-33.14"
}, {
  "Order_ID": "CA-2017-112809",
  "Order_Date": "2017-08-18",
  "Customer_ID": "RA-19915",
  "State": "Texas",
  "Region": "Central",
  "Category": "Office Supplies",
  "Sub_Category": "Binders",
  "Sales": "6.74",
  "Quantity": "4.0",
  "Discount": "0.8",
  "Profit": "-11.46"
}, {
  "Order_ID": "CA-2015-111395",
  "Order_Date": "2015-11-23",
  "Customer_ID": "VB-21745",
  "State": "Texas",
  "Region": "Central",
  "Category": "Office Supplies",
  "Sub_Category": "Binders",
  "Sales": "23.91",
  "Quantity": "2.0",
  "Discount": "0.8",
  "Profit": "-40.65"
}, {
  "Order_ID": "CA-2015-129112",
  "Order_Date": "2015-11-29",
  "Customer_ID": "AW-10840",
  "State": "Texas",
  "Region": "Central",
  "Category": "Office Supplies",
  "Sub_Category": "Binders",
  "Sales": "8.78",
  "Quantity": "4.0",
  "Discount": "0.8",
  "Profit": "-13.62"
}, {
  "Order_ID": "CA-2015-143077",
  "Order_Date": "2015-09-17",
  "Customer_ID": "SF-20965",
  "State": "Texas",
  "Region": "Central",
  "Category": "Office Supplies",
  "Sub_Category": "Binders",
  "Sales": "6.59",
  "Quantity": "3.0",
  "Discount": "0.8",
  "Profit": "-10.21"
}, {
  "Order_ID": "US-2015-107349",
  "Order_Date": "2015-07-13",
  "Customer_ID": "SL-20155",
  "State": "Texas",
  "Region": "Central",
  "Category": "Office Supplies",
  "Sub_Category": "Binders",
  "Sales": "41.57",
  "Quantity": "6.0",
  "Discount": "0.8",
  "Profit": "-66.51"
}, {
  "Order_ID": "CA-2017-146024",
  "Order_Date": "2017-03-02",
  "Customer_ID": "SC-20770",
  "State": "Texas",
  "Region": "Central",
  "Category": "Office Supplies",
  "Sub_Category": "Binders",
  "Sales": "12.22",
  "Quantity": "7.0",
  "Discount": "0.8",
  "Profit": "-20.17"
}, {
  "Order_ID": "US-2017-158218",
  "Order_Date": "2017-05-12",
  "Customer_ID": "AC-10420",
  "State": "Texas",
  "Region": "Central",
  "Category": "Office Supplies",
  "Sub_Category": "Binders",
  "Sales": "34.24",
  "Quantity": "4.0",
  "Discount": "0.8",
  "Profit": "-53.07"
}, {
  "Order_ID": "US-2017-143028",
  "Order_Date": "2017-04-11",
  "Customer_ID": "SC-20050",
  "State": "Texas",
  "Region": "Central",
  "Category": "Office Supplies",
  "Sub_Category": "Binders",
  "Sales": "11.36",
  "Quantity": "3.0",
  "Discount": "0.8",
  "Profit": "-17.05"
}, {
  "Order_ID": "US-2014-152723",
  "Order_Date": "2014-09-26",
  "Customer_ID": "HG-14965",
  "State": "Texas",
  "Region": "Central",
  "Category": "Office Supplies",
  "Sub_Category": "Binders",
  "Sales": "0.88",
  "Quantity": "1.0",
  "Discount": "0.8",
  "Profit": "-1.4"
}, {
  "Order_ID": "CA-2015-156377",
  "Order_Date": "2015-12-31",
  "Customer_ID": "TB-21625",
  "State": "Texas",
  "Region": "Central",
  "Category": "Office Supplies",
  "Sub_Category": "Binders",
  "Sales": "3.66",
  "Quantity": "4.0",
  "Discount": "0.8",
  "Profit": "-5.85"
}, {
  "Order_ID": "CA-2016-154018",
  "Order_Date": "2016-10-13",
  "Customer_ID": "HA-14920",
  "State": "Texas",
  "Region": "Central",
  "Category": "Office Supplies",
  "Sub_Category": "Binders",
  "Sales": "6.29",
  "Quantity": "7.0",
  "Discount": "0.8",
  "Profit": "-11.0"
}, {
  "Order_ID": "CA-2016-112025",
  "Order_Date": "2016-07-30",
  "Customer_ID": "LS-16975",
  "State": "Texas",
  "Region": "Central",
  "Category": "Office Supplies",
  "Sub_Category": "Binders",
  "Sales": "9.26",
  "Quantity": "3.0",
  "Discount": "0.8",
  "Profit": "-13.9"
}, {
  "Order_ID": "CA-2016-159373",
  "Order_Date": "2016-03-13",
  "Customer_ID": "LT-17110",
  "State": "Texas",
  "Region": "Central",
  "Category": "Office Supplies",
  "Sub_Category": "Binders",
  "Sales": "1.27",
  "Quantity": "2.0",
  "Discount": "0.8",
  "Profit": "-2.16"
}, {
  "Order_ID": "CA-2016-169922",
  "Order_Date": "2016-06-11",
  "Customer_ID": "MZ-17515",
  "State": "Texas",
  "Region": "Central",
  "Category": "Office Supplies",
  "Sub_Category": "Binders",
  "Sales": "1.34",
  "Quantity": "4.0",
  "Discount": "0.8",
  "Profit": "-2.15"
}, {
  "Order_ID": "CA-2016-169922",
  "Order_Date": "2016-06-11",
  "Customer_ID": "MZ-17515",
  "State": "Texas",
  "Region": "Central",
  "Category": "Office Supplies",
  "Sub_Category": "Binders",
  "Sales": "8.27",
  "Quantity": "4.0",
  "Discount": "0.8",
  "Profit": "-13.65"
}, {
  "Order_ID": "CA-2015-124541",
  "Order_Date": "2015-04-06",
  "Customer_ID": "TT-21220",
  "State": "Texas",
  "Region": "Central",
  "Category": "Office Supplies",
  "Sub_Category": "Binders",
  "Sales": "6.9",
  "Quantity": "3.0",
  "Discount": "0.8",
  "Profit": "-12.08"
}, {
  "Order_ID": "CA-2015-124541",
  "Order_Date": "2015-04-06",
  "Customer_ID": "TT-21220",
  "State": "Texas",
  "Region": "Central",
  "Category": "Office Supplies",
  "Sub_Category": "Binders",
  "Sales": "9.65",
  "Quantity": "6.0",
  "Discount": "0.8",
  "Profit": "-16.88"
}, {
  "Order_ID": "US-2014-112914",
  "Order_Date": "2014-09-25",
  "Customer_ID": "MT-18070",
  "State": "Texas",
  "Region": "Central",
  "Category": "Office Supplies",
  "Sub_Category": "Binders",
  "Sales": "2.72",
  "Quantity": "2.0",
  "Discount": "0.8",
  "Profit": "-4.36"
}, {
  "Order_ID": "US-2015-141453",
  "Order_Date": "2015-11-30",
  "Customer_ID": "DB-13270",
  "State": "Texas",
  "Region": "Central",
  "Category": "Office Supplies",
  "Sub_Category": "Binders",
  "Sales": "3.88",
  "Quantity": "3.0",
  "Discount": "0.8",
  "Profit": "-5.82"
}, {
  "Order_ID": "CA-2017-118773",
  "Order_Date": "2017-02-09",
  "Customer_ID": "TP-21415",
  "State": "Texas",
  "Region": "Central",
  "Category": "Office Supplies",
  "Sub_Category": "Binders",
  "Sales": "252.78",
  "Quantity": "4.0",
  "Discount": "0.8",
  "Profit": "-417.09"
}, {
  "Order_ID": "CA-2017-164168",
  "Order_Date": "2017-11-12",
  "Customer_ID": "LS-16975",
  "State": "Texas",
  "Region": "Central",
  "Category": "Office Supplies",
  "Sub_Category": "Binders",
  "Sales": "30.56",
  "Quantity": "5.0",
  "Discount": "0.8",
  "Profit": "-45.84"
}, {
  "Order_ID": "US-2014-122959",
  "Order_Date": "2014-12-12",
  "Customer_ID": "CY-12745",
  "State": "Texas",
  "Region": "Central",
  "Category": "Office Supplies",
  "Sub_Category": "Binders",
  "Sales": "210.39",
  "Quantity": "2.0",
  "Discount": "0.8",
  "Profit": "-336.63"
}, {
  "Order_ID": "US-2014-150924",
  "Order_Date": "2014-09-12",
  "Customer_ID": "PT-19090",
  "State": "Texas",
  "Region": "Central",
  "Category": "Office Supplies",
  "Sub_Category": "Binders",
  "Sales": "5.18",
  "Quantity": "5.0",
  "Discount": "0.8",
  "Profit": "-8.03"
}, {
  "Order_ID": "CA-2014-123498",
  "Order_Date": "2014-11-07",
  "Customer_ID": "TC-20980",
  "State": "Texas",
  "Region": "Central",
  "Category": "Office Supplies",
  "Sub_Category": "Binders",
  "Sales": "26.05",
  "Quantity": "3.0",
  "Discount": "0.8",
  "Profit": "-44.28"
}, {
  "Order_ID": "CA-2017-158953",
  "Order_Date": "2017-06-04",
  "Customer_ID": "ML-18040",
  "State": "Texas",
  "Region": "Central",
  "Category": "Office Supplies",
  "Sub_Category": "Binders",
  "Sales": "6.37",
  "Quantity": "7.0",
  "Discount": "0.8",
  "Profit": "-9.56"
}, {
  "Order_ID": "CA-2014-165428",
  "Order_Date": "2014-09-01",
  "Customer_ID": "JL-15130",
  "State": "Texas",
  "Region": "Central",
  "Category": "Office Supplies",
  "Sub_Category": "Binders",
  "Sales": "3.65",
  "Quantity": "3.0",
  "Discount": "0.8",
  "Profit": "-6.02"
}, {
  "Order_ID": "US-2017-108245",
  "Order_Date": "2017-09-22",
  "Customer_ID": "SH-19975",
  "State": "Texas",
  "Region": "Central",
  "Category": "Office Supplies",
  "Sub_Category": "Binders",
  "Sales": "11.23",
  "Quantity": "7.0",
  "Discount": "0.8",
  "Profit": "-18.53"
}, {
  "Order_ID": "US-2017-156356",
  "Order_Date": "2017-04-16",
  "Customer_ID": "ND-18370",
  "State": "Texas",
  "Region": "Central",
  "Category": "Office Supplies",
  "Sub_Category": "Binders",
  "Sales": "26.05",
  "Quantity": "3.0",
  "Discount": "0.8",
  "Profit": "-44.28"
}, {
  "Order_ID": "US-2017-156356",
  "Order_Date": "2017-04-16",
  "Customer_ID": "ND-18370",
  "State": "Texas",
  "Region": "Central",
  "Category": "Office Supplies",
  "Sub_Category": "Binders",
  "Sales": "2.9",
  "Quantity": "1.0",
  "Discount": "0.8",
  "Profit": "-4.78"
}, {
  "Order_ID": "CA-2014-138023",
  "Order_Date": "2014-08-15",
  "Customer_ID": "KH-16510",
  "State": "Texas",
  "Region": "Central",
  "Category": "Office Supplies",
  "Sub_Category": "Binders",
  "Sales": "30.96",
  "Quantity": "8.0",
  "Discount": "0.8",
  "Profit": "-52.63"
}, {
  "Order_ID": "CA-2014-104738",
  "Order_Date": "2014-12-30",
  "Customer_ID": "SP-20620",
  "State": "Texas",
  "Region": "Central",
  "Category": "Office Supplies",
  "Sub_Category": "Binders",
  "Sales": "2.29",
  "Quantity": "3.0",
  "Discount": "0.8",
  "Profit": "-3.66"
}, {
  "Order_ID": "CA-2014-165309",
  "Order_Date": "2014-11-11",
  "Customer_ID": "KD-16270",
  "State": "Texas",
  "Region": "Central",
  "Category": "Office Supplies",
  "Sub_Category": "Binders",
  "Sales": "1.23",
  "Quantity": "1.0",
  "Discount": "0.8",
  "Profit": "-1.97"
}, {
  "Order_ID": "CA-2017-142867",
  "Order_Date": "2017-03-17",
  "Customer_ID": "PO-19180",
  "State": "Texas",
  "Region": "Central",
  "Category": "Office Supplies",
  "Sub_Category": "Binders",
  "Sales": "13.78",
  "Quantity": "6.0",
  "Discount": "0.8",
  "Profit": "-22.04"
}, {
  "Order_ID": "CA-2014-105340",
  "Order_Date": "2014-11-22",
  "Customer_ID": "EH-14185",
  "State": "Texas",
  "Region": "Central",
  "Category": "Office Supplies",
  "Sub_Category": "Binders",
  "Sales": "6.93",
  "Quantity": "1.0",
  "Discount": "0.8",
  "Profit": "-11.08"
}, {
  "Order_ID": "CA-2014-166863",
  "Order_Date": "2014-06-20",
  "Customer_ID": "SC-20020",
  "State": "Texas",
  "Region": "Central",
  "Category": "Office Supplies",
  "Sub_Category": "Binders",
  "Sales": "3.39",
  "Quantity": "4.0",
  "Discount": "0.8",
  "Profit": "-5.09"
}, {
  "Order_ID": "US-2017-105389",
  "Order_Date": "2017-10-23",
  "Customer_ID": "DM-13015",
  "State": "Texas",
  "Region": "Central",
  "Category": "Office Supplies",
  "Sub_Category": "Binders",
  "Sales": "3.56",
  "Quantity": "3.0",
  "Discount": "0.8",
  "Profit": "-6.24"
}, {
  "Order_ID": "US-2015-163685",
  "Order_Date": "2015-06-01",
  "Customer_ID": "KE-16420",
  "State": "Texas",
  "Region": "Central",
  "Category": "Office Supplies",
  "Sub_Category": "Binders",
  "Sales": "5.73",
  "Quantity": "8.0",
  "Discount": "0.8",
  "Profit": "-9.16"
}, {
  "Order_ID": "CA-2017-139311",
  "Order_Date": "2017-08-11",
  "Customer_ID": "SF-20965",
  "State": "Texas",
  "Region": "Central",
  "Category": "Office Supplies",
  "Sub_Category": "Binders",
  "Sales": "12.86",
  "Quantity": "8.0",
  "Discount": "0.8",
  "Profit": "-22.51"
}, {
  "Order_ID": "CA-2015-136378",
  "Order_Date": "2015-04-02",
  "Customer_ID": "CS-11845",
  "State": "Texas",
  "Region": "Central",
  "Category": "Office Supplies",
  "Sub_Category": "Binders",
  "Sales": "9.16",
  "Quantity": "3.0",
  "Discount": "0.8",
  "Profit": "-13.73"
}, {
  "Order_ID": "CA-2016-145303",
  "Order_Date": "2016-08-28",
  "Customer_ID": "TP-21415",
  "State": "Texas",
  "Region": "Central",
  "Category": "Office Supplies",
  "Sub_Category": "Binders",
  "Sales": "13.14",
  "Quantity": "9.0",
  "Discount": "0.8",
  "Profit": "-21.68"
}, {
  "Order_ID": "CA-2016-145303",
  "Order_Date": "2016-08-28",
  "Customer_ID": "TP-21415",
  "State": "Texas",
  "Region": "Central",
  "Category": "Office Supplies",
  "Sub_Category": "Binders",
  "Sales": "10.02",
  "Quantity": "4.0",
  "Discount": "0.8",
  "Profit": "-16.54"
}, {
  "Order_ID": "US-2016-148334",
  "Order_Date": "2016-08-22",
  "Customer_ID": "DD-13570",
  "State": "Texas",
  "Region": "Central",
  "Category": "Office Supplies",
  "Sub_Category": "Binders",
  "Sales": "4.31",
  "Quantity": "2.0",
  "Discount": "0.8",
  "Profit": "-6.9"
}, {
  "Order_ID": "CA-2016-117226",
  "Order_Date": "2016-12-30",
  "Customer_ID": "KD-16495",
  "State": "Texas",
  "Region": "Central",
  "Category": "Office Supplies",
  "Sub_Category": "Binders",
  "Sales": "6.92",
  "Quantity": "6.0",
  "Discount": "0.8",
  "Profit": "-10.39"
}, {
  "Order_ID": "CA-2017-106068",
  "Order_Date": "2017-10-23",
  "Customer_ID": "RB-19330",
  "State": "Texas",
  "Region": "Central",
  "Category": "Office Supplies",
  "Sub_Category": "Binders",
  "Sales": "9.76",
  "Quantity": "3.0",
  "Discount": "0.8",
  "Profit": "-15.13"
}, {
  "Order_ID": "CA-2017-128426",
  "Order_Date": "2017-10-07",
  "Customer_ID": "JK-15730",
  "State": "Texas",
  "Region": "Central",
  "Category": "Office Supplies",
  "Sub_Category": "Binders",
  "Sales": "4.24",
  "Quantity": "5.0",
  "Discount": "0.8",
  "Profit": "-6.36"
}, {
  "Order_ID": "CA-2017-112536",
  "Order_Date": "2017-05-18",
  "Customer_ID": "SG-20890",
  "State": "Texas",
  "Region": "Central",
  "Category": "Office Supplies",
  "Sub_Category": "Binders",
  "Sales": "6.87",
  "Quantity": "7.0",
  "Discount": "0.8",
  "Profit": "-10.65"
}, {
  "Order_ID": "CA-2017-112536",
  "Order_Date": "2017-05-18",
  "Customer_ID": "SG-20890",
  "State": "Texas",
  "Region": "Central",
  "Category": "Office Supplies",
  "Sub_Category": "Binders",
  "Sales": "2.0",
  "Quantity": "1.0",
  "Discount": "0.8",
  "Profit": "-3.29"
}, {
  "Order_ID": "CA-2017-100223",
  "Order_Date": "2017-07-05",
  "Customer_ID": "LS-16945",
  "State": "Texas",
  "Region": "Central",
  "Category": "Office Supplies",
  "Sub_Category": "Binders",
  "Sales": "11.39",
  "Quantity": "9.0",
  "Discount": "0.8",
  "Profit": "-17.66"
}, {
  "Order_ID": "CA-2017-100223",
  "Order_Date": "2017-07-05",
  "Customer_ID": "LS-16945",
  "State": "Texas",
  "Region": "Central",
  "Category": "Office Supplies",
  "Sub_Category": "Binders",
  "Sales": "6.32",
  "Quantity": "1.0",
  "Discount": "0.8",
  "Profit": "-10.42"
}, {
  "Order_ID": "US-2016-131611",
  "Order_Date": "2016-11-05",
  "Customer_ID": "EP-13915",
  "State": "Texas",
  "Region": "Central",
  "Category": "Office Supplies",
  "Sub_Category": "Binders",
  "Sales": "3.56",
  "Quantity": "3.0",
  "Discount": "0.8",
  "Profit": "-6.24"
}, {
  "Order_ID": "US-2016-131611",
  "Order_Date": "2016-11-05",
  "Customer_ID": "EP-13915",
  "State": "Texas",
  "Region": "Central",
  "Category": "Office Supplies",
  "Sub_Category": "Binders",
  "Sales": "12.59",
  "Quantity": "3.0",
  "Discount": "0.8",
  "Profit": "-20.14"
}, {
  "Order_ID": "US-2015-117184",
  "Order_Date": "2015-05-17",
  "Customer_ID": "ON-18715",
  "State": "Texas",
  "Region": "Central",
  "Category": "Office Supplies",
  "Sub_Category": "Binders",
  "Sales": "33.28",
  "Quantity": "5.0",
  "Discount": "0.8",
  "Profit": "-49.92"
}, {
  "Order_ID": "CA-2015-162621",
  "Order_Date": "2015-09-05",
  "Customer_ID": "CA-12055",
  "State": "Texas",
  "Region": "Central",
  "Category": "Office Supplies",
  "Sub_Category": "Binders",
  "Sales": "16.27",
  "Quantity": "5.0",
  "Discount": "0.8",
  "Profit": "-25.22"
}, {
  "Order_ID": "CA-2015-162621",
  "Order_Date": "2015-09-05",
  "Customer_ID": "CA-12055",
  "State": "Texas",
  "Region": "Central",
  "Category": "Office Supplies",
  "Sub_Category": "Binders",
  "Sales": "4.47",
  "Quantity": "3.0",
  "Discount": "0.8",
  "Profit": "-7.82"
}, {
  "Order_ID": "CA-2016-134691",
  "Order_Date": "2016-11-14",
  "Customer_ID": "KC-16540",
  "State": "Texas",
  "Region": "Central",
  "Category": "Office Supplies",
  "Sub_Category": "Binders",
  "Sales": "2.3",
  "Quantity": "2.0",
  "Discount": "0.8",
  "Profit": "-3.9"
}, {
  "Order_ID": "CA-2015-111990",
  "Order_Date": "2015-11-08",
  "Customer_ID": "DB-13660",
  "State": "Texas",
  "Region": "Central",
  "Category": "Office Supplies",
  "Sub_Category": "Binders",
  "Sales": "10.48",
  "Quantity": "6.0",
  "Discount": "0.8",
  "Profit": "-17.29"
}, {
  "Order_ID": "US-2017-133200",
  "Order_Date": "2017-05-06",
  "Customer_ID": "DB-13555",
  "State": "Texas",
  "Region": "Central",
  "Category": "Office Supplies",
  "Sub_Category": "Binders",
  "Sales": "11.06",
  "Quantity": "10.0",
  "Discount": "0.8",
  "Profit": "-18.8"
}, {
  "Order_ID": "CA-2014-159310",
  "Order_Date": "2014-11-07",
  "Customer_ID": "SC-20725",
  "State": "Texas",
  "Region": "Central",
  "Category": "Office Supplies",
  "Sub_Category": "Binders",
  "Sales": "1.48",
  "Quantity": "3.0",
  "Discount": "0.8",
  "Profit": "-2.21"
}, {
  "Order_ID": "CA-2017-164042",
  "Order_Date": "2017-05-23",
  "Customer_ID": "KL-16645",
  "State": "Texas",
  "Region": "Central",
  "Category": "Office Supplies",
  "Sub_Category": "Binders",
  "Sales": "1.19",
  "Quantity": "1.0",
  "Discount": "0.8",
  "Profit": "-1.96"
}, {
  "Order_ID": "CA-2015-127607",
  "Order_Date": "2015-03-20",
  "Customer_ID": "JK-15730",
  "State": "Texas",
  "Region": "Central",
  "Category": "Office Supplies",
  "Sub_Category": "Binders",
  "Sales": "2.51",
  "Quantity": "2.0",
  "Discount": "0.8",
  "Profit": "-4.4"
}, {
  "Order_ID": "CA-2015-144302",
  "Order_Date": "2015-06-19",
  "Customer_ID": "ME-17320",
  "State": "Texas",
  "Region": "Central",
  "Category": "Office Supplies",
  "Sub_Category": "Binders",
  "Sales": "5.79",
  "Quantity": "2.0",
  "Discount": "0.8",
  "Profit": "-9.56"
}, {
  "Order_ID": "CA-2017-106432",
  "Order_Date": "2017-10-19",
  "Customer_ID": "CA-12265",
  "State": "Texas",
  "Region": "Central",
  "Category": "Office Supplies",
  "Sub_Category": "Binders",
  "Sales": "2.07",
  "Quantity": "2.0",
  "Discount": "0.8",
  "Profit": "-3.52"
}, {
  "Order_ID": "CA-2017-146367",
  "Order_Date": "2017-08-04",
  "Customer_ID": "HM-14860",
  "State": "Texas",
  "Region": "Central",
  "Category": "Office Supplies",
  "Sub_Category": "Binders",
  "Sales": "3.32",
  "Quantity": "3.0",
  "Discount": "0.8",
  "Profit": "-5.64"
}, {
  "Order_ID": "CA-2014-105165",
  "Order_Date": "2014-09-07",
  "Customer_ID": "SZ-20035",
  "State": "Texas",
  "Region": "Central",
  "Category": "Office Supplies",
  "Sub_Category": "Binders",
  "Sales": "2.92",
  "Quantity": "2.0",
  "Discount": "0.8",
  "Profit": "-4.82"
}, {
  "Order_ID": "CA-2015-156608",
  "Order_Date": "2015-10-24",
  "Customer_ID": "MT-18070",
  "State": "Texas",
  "Region": "Central",
  "Category": "Office Supplies",
  "Sub_Category": "Binders",
  "Sales": "3.59",
  "Quantity": "4.0",
  "Discount": "0.8",
  "Profit": "-6.29"
}, {
  "Order_ID": "CA-2015-112214",
  "Order_Date": "2015-08-05",
  "Customer_ID": "AH-10690",
  "State": "Texas",
  "Region": "Central",
  "Category": "Office Supplies",
  "Sub_Category": "Binders",
  "Sales": "1.36",
  "Quantity": "1.0",
  "Discount": "0.8",
  "Profit": "-2.18"
}, {
  "Order_ID": "US-2015-155369",
  "Order_Date": "2015-04-19",
  "Customer_ID": "PG-18820",
  "State": "Texas",
  "Region": "Central",
  "Category": "Office Supplies",
  "Sub_Category": "Binders",
  "Sales": "310.39",
  "Quantity": "4.0",
  "Discount": "0.8",
  "Profit": "-512.15"
}, {
  "Order_ID": "CA-2016-113551",
  "Order_Date": "2016-08-18",
  "Customer_ID": "NF-18385",
  "State": "Texas",
  "Region": "Central",
  "Category": "Office Supplies",
  "Sub_Category": "Binders",
  "Sales": "2.07",
  "Quantity": "1.0",
  "Discount": "0.8",
  "Profit": "-3.41"
}, {
  "Order_ID": "US-2016-132577",
  "Order_Date": "2016-11-22",
  "Customer_ID": "JE-15475",
  "State": "Texas",
  "Region": "Central",
  "Category": "Office Supplies",
  "Sub_Category": "Binders",
  "Sales": "6.22",
  "Quantity": "6.0",
  "Discount": "0.8",
  "Profit": "-9.63"
}, {
  "Order_ID": "US-2016-132577",
  "Order_Date": "2016-11-22",
  "Customer_ID": "JE-15475",
  "State": "Texas",
  "Region": "Central",
  "Category": "Office Supplies",
  "Sub_Category": "Binders",
  "Sales": "4.49",
  "Quantity": "6.0",
  "Discount": "0.8",
  "Profit": "-6.73"
}, {
  "Order_ID": "CA-2017-104927",
  "Order_Date": "2017-12-22",
  "Customer_ID": "AG-10330",
  "State": "Texas",
  "Region": "Central",
  "Category": "Office Supplies",
  "Sub_Category": "Binders",
  "Sales": "6.33",
  "Quantity": "5.0",
  "Discount": "0.8",
  "Profit": "-9.81"
}, {
  "Order_ID": "US-2017-104661",
  "Order_Date": "2017-01-15",
  "Customer_ID": "TB-21250",
  "State": "Texas",
  "Region": "Central",
  "Category": "Office Supplies",
  "Sub_Category": "Binders",
  "Sales": "32.78",
  "Quantity": "4.0",
  "Discount": "0.8",
  "Profit": "-52.45"
}, {
  "Order_ID": "US-2017-104661",
  "Order_Date": "2017-01-15",
  "Customer_ID": "TB-21250",
  "State": "Texas",
  "Region": "Central",
  "Category": "Office Supplies",
  "Sub_Category": "Binders",
  "Sales": "4.28",
  "Quantity": "1.0",
  "Discount": "0.8",
  "Profit": "-6.63"
}, {
  "Order_ID": "CA-2014-103744",
  "Order_Date": "2014-02-23",
  "Customer_ID": "MG-17875",
  "State": "Texas",
  "Region": "Central",
  "Category": "Office Supplies",
  "Sub_Category": "Binders",
  "Sales": "4.43",
  "Quantity": "3.0",
  "Discount": "0.8",
  "Profit": "-6.86"
}, {
  "Order_ID": "CA-2017-131282",
  "Order_Date": "2017-02-05",
  "Customer_ID": "CB-12025",
  "State": "Texas",
  "Region": "Central",
  "Category": "Office Supplies",
  "Sub_Category": "Binders",
  "Sales": "243.99",
  "Quantity": "4.0",
  "Discount": "0.8",
  "Profit": "-426.99"
}, {
  "Order_ID": "US-2017-124779",
  "Order_Date": "2017-09-08",
  "Customer_ID": "BF-11020",
  "State": "Texas",
  "Region": "Central",
  "Category": "Office Supplies",
  "Sub_Category": "Binders",
  "Sales": "42.62",
  "Quantity": "7.0",
  "Discount": "0.8",
  "Profit": "-68.19"
}, {
  "Order_ID": "CA-2015-168809",
  "Order_Date": "2015-08-25",
  "Customer_ID": "MC-18100",
  "State": "Texas",
  "Region": "Central",
  "Category": "Office Supplies",
  "Sub_Category": "Binders",
  "Sales": "3.8",
  "Quantity": "1.0",
  "Discount": "0.8",
  "Profit": "-6.08"
}, {
  "Order_ID": "CA-2014-124394",
  "Order_Date": "2014-10-17",
  "Customer_ID": "TB-21520",
  "State": "Texas",
  "Region": "Central",
  "Category": "Office Supplies",
  "Sub_Category": "Binders",
  "Sales": "10.78",
  "Quantity": "5.0",
  "Discount": "0.8",
  "Profit": "-17.25"
}, {
  "Order_ID": "CA-2016-114209",
  "Order_Date": "2016-05-21",
  "Customer_ID": "AS-10285",
  "State": "Texas",
  "Region": "Central",
  "Category": "Office Supplies",
  "Sub_Category": "Binders",
  "Sales": "1.96",
  "Quantity": "2.0",
  "Discount": "0.8",
  "Profit": "-3.24"
}, {
  "Order_ID": "CA-2016-112256",
  "Order_Date": "2016-07-23",
  "Customer_ID": "CK-12205",
  "State": "Texas",
  "Region": "Central",
  "Category": "Office Supplies",
  "Sub_Category": "Binders",
  "Sales": "4.75",
  "Quantity": "4.0",
  "Discount": "0.8",
  "Profit": "-8.32"
}, {
  "Order_ID": "CA-2017-105669",
  "Order_Date": "2017-09-17",
  "Customer_ID": "SJ-20125",
  "State": "Texas",
  "Region": "Central",
  "Category": "Office Supplies",
  "Sub_Category": "Binders",
  "Sales": "5.8",
  "Quantity": "5.0",
  "Discount": "0.8",
  "Profit": "-10.15"
}, {
  "Order_ID": "CA-2014-103492",
  "Order_Date": "2014-10-10",
  "Customer_ID": "CM-12715",
  "State": "Texas",
  "Region": "Central",
  "Category": "Office Supplies",
  "Sub_Category": "Binders",
  "Sales": "11.98",
  "Quantity": "5.0",
  "Discount": "0.8",
  "Profit": "-19.17"
}, {
  "Order_ID": "CA-2014-103492",
  "Order_Date": "2014-10-10",
  "Customer_ID": "CM-12715",
  "State": "Texas",
  "Region": "Central",
  "Category": "Office Supplies",
  "Sub_Category": "Binders",
  "Sales": "0.9",
  "Quantity": "1.0",
  "Discount": "0.8",
  "Profit": "-1.57"
}, {
  "Order_ID": "CA-2014-105417",
  "Order_Date": "2014-01-07",
  "Customer_ID": "VS-21820",
  "State": "Texas",
  "Region": "Central",
  "Category": "Office Supplies",
  "Sub_Category": "Binders",
  "Sales": "10.43",
  "Quantity": "7.0",
  "Discount": "0.8",
  "Profit": "-18.25"
}, {
  "Order_ID": "CA-2017-107958",
  "Order_Date": "2017-07-02",
  "Customer_ID": "AH-10120",
  "State": "Texas",
  "Region": "Central",
  "Category": "Office Supplies",
  "Sub_Category": "Binders",
  "Sales": "5.23",
  "Quantity": "4.0",
  "Discount": "0.8",
  "Profit": "-8.11"
}, {
  "Order_ID": "US-2015-118766",
  "Order_Date": "2015-10-15",
  "Customer_ID": "LS-16975",
  "State": "Texas",
  "Region": "Central",
  "Category": "Office Supplies",
  "Sub_Category": "Binders",
  "Sales": "3.96",
  "Quantity": "10.0",
  "Discount": "0.8",
  "Profit": "-6.93"
}, {
  "Order_ID": "CA-2017-134194",
  "Order_Date": "2017-12-25",
  "Customer_ID": "GA-14725",
  "State": "Texas",
  "Region": "Central",
  "Category": "Office Supplies",
  "Sub_Category": "Binders",
  "Sales": "39.58",
  "Quantity": "9.0",
  "Discount": "0.8",
  "Profit": "-59.37"
}, {
  "Order_ID": "CA-2017-134194",
  "Order_Date": "2017-12-25",
  "Customer_ID": "GA-14725",
  "State": "Texas",
  "Region": "Central",
  "Category": "Office Supplies",
  "Sub_Category": "Binders",
  "Sales": "40.98",
  "Quantity": "5.0",
  "Discount": "0.8",
  "Profit": "-65.57"
}, {
  "Order_ID": "CA-2017-134194",
  "Order_Date": "2017-12-25",
  "Customer_ID": "GA-14725",
  "State": "Texas",
  "Region": "Central",
  "Category": "Office Supplies",
  "Sub_Category": "Binders",
  "Sales": "3.17",
  "Quantity": "3.0",
  "Discount": "0.8",
  "Profit": "-5.07"
}, {
  "Order_ID": "CA-2014-129189",
  "Order_Date": "2014-07-21",
  "Customer_ID": "HM-14860",
  "State": "Texas",
  "Region": "Central",
  "Category": "Office Supplies",
  "Sub_Category": "Binders",
  "Sales": "1.04",
  "Quantity": "1.0",
  "Discount": "0.8",
  "Profit": "-1.83"
}, {
  "Order_ID": "CA-2015-119690",
  "Order_Date": "2015-06-25",
  "Customer_ID": "MV-17485",
  "State": "Texas",
  "Region": "Central",
  "Category": "Office Supplies",
  "Sub_Category": "Binders",
  "Sales": "0.98",
  "Quantity": "2.0",
  "Discount": "0.8",
  "Profit": "-1.48"
}, {
  "Order_ID": "CA-2017-151750",
  "Order_Date": "2017-01-01",
  "Customer_ID": "JM-15250",
  "State": "Texas",
  "Region": "Central",
  "Category": "Office Supplies",
  "Sub_Category": "Binders",
  "Sales": "6.47",
  "Quantity": "5.0",
  "Discount": "0.8",
  "Profit": "-9.71"
}, {
  "Order_ID": "CA-2017-151750",
  "Order_Date": "2017-01-01",
  "Customer_ID": "JM-15250",
  "State": "Texas",
  "Region": "Central",
  "Category": "Office Supplies",
  "Sub_Category": "Binders",
  "Sales": "13.75",
  "Quantity": "14.0",
  "Discount": "0.8",
  "Profit": "-22.68"
}, {
  "Order_ID": "CA-2015-137064",
  "Order_Date": "2015-02-06",
  "Customer_ID": "TS-21655",
  "State": "Texas",
  "Region": "Central",
  "Category": "Office Supplies",
  "Sub_Category": "Binders",
  "Sales": "2.93",
  "Quantity": "3.0",
  "Discount": "0.8",
  "Profit": "-4.99"
}, {
  "Order_ID": "CA-2014-120775",
  "Order_Date": "2014-10-03",
  "Customer_ID": "RD-19930",
  "State": "Texas",
  "Region": "Central",
  "Category": "Office Supplies",
  "Sub_Category": "Binders",
  "Sales": "1.79",
  "Quantity": "3.0",
  "Discount": "0.8",
  "Profit": "-3.04"
}, {
  "Order_ID": "US-2016-149790",
  "Order_Date": "2016-09-26",
  "Customer_ID": "SC-20380",
  "State": "Texas",
  "Region": "Central",
  "Category": "Office Supplies",
  "Sub_Category": "Binders",
  "Sales": "15.62",
  "Quantity": "2.0",
  "Discount": "0.8",
  "Profit": "-25.0"
}, {
  "Order_ID": "CA-2014-165393",
  "Order_Date": "2014-12-27",
  "Customer_ID": "NC-18415",
  "State": "Texas",
  "Region": "Central",
  "Category": "Office Supplies",
  "Sub_Category": "Binders",
  "Sales": "4.98",
  "Quantity": "1.0",
  "Discount": "0.8",
  "Profit": "-8.47"
}, {
  "Order_ID": "US-2014-120236",
  "Order_Date": "2014-09-03",
  "Customer_ID": "MR-17545",
  "State": "Texas",
  "Region": "Central",
  "Category": "Office Supplies",
  "Sub_Category": "Binders",
  "Sales": "7.68",
  "Quantity": "5.0",
  "Discount": "0.8",
  "Profit": "-11.52"
}, {
  "Order_ID": "US-2014-127635",
  "Order_Date": "2014-09-14",
  "Customer_ID": "SC-20260",
  "State": "Texas",
  "Region": "Central",
  "Category": "Office Supplies",
  "Sub_Category": "Binders",
  "Sales": "8.55",
  "Quantity": "2.0",
  "Discount": "0.8",
  "Profit": "-13.68"
}, {
  "Order_ID": "CA-2014-126200",
  "Order_Date": "2014-08-25",
  "Customer_ID": "JE-15715",
  "State": "Texas",
  "Region": "Central",
  "Category": "Office Supplies",
  "Sub_Category": "Binders",
  "Sales": "25.68",
  "Quantity": "3.0",
  "Discount": "0.8",
  "Profit": "-39.8"
}, {
  "Order_ID": "CA-2014-126200",
  "Order_Date": "2014-08-25",
  "Customer_ID": "JE-15715",
  "State": "Texas",
  "Region": "Central",
  "Category": "Office Supplies",
  "Sub_Category": "Binders",
  "Sales": "12.38",
  "Quantity": "3.0",
  "Discount": "0.8",
  "Profit": "-19.81"
}, {
  "Order_ID": "CA-2015-109190",
  "Order_Date": "2015-10-23",
  "Customer_ID": "CC-12685",
  "State": "Texas",
  "Region": "Central",
  "Category": "Office Supplies",
  "Sub_Category": "Binders",
  "Sales": "6.08",
  "Quantity": "1.0",
  "Discount": "0.8",
  "Profit": "-10.34"
}, {
  "Order_ID": "CA-2016-130400",
  "Order_Date": "2016-03-08",
  "Customer_ID": "SJ-20125",
  "State": "Texas",
  "Region": "Central",
  "Category": "Office Supplies",
  "Sub_Category": "Binders",
  "Sales": "8.86",
  "Quantity": "9.0",
  "Discount": "0.8",
  "Profit": "-14.17"
}, {
  "Order_ID": "US-2017-148551",
  "Order_Date": "2017-01-12",
  "Customer_ID": "DB-13120",
  "State": "Texas",
  "Region": "Central",
  "Category": "Office Supplies",
  "Sub_Category": "Binders",
  "Sales": "760.98",
  "Quantity": "5.0",
  "Discount": "0.8",
  "Profit": "-1141.47"
}, {
  "Order_ID": "CA-2016-112739",
  "Order_Date": "2016-09-02",
  "Customer_ID": "RD-19810",
  "State": "Texas",
  "Region": "Central",
  "Category": "Office Supplies",
  "Sub_Category": "Binders",
  "Sales": "8.61",
  "Quantity": "8.0",
  "Discount": "0.8",
  "Profit": "-13.34"
}, {
  "Order_ID": "CA-2016-120824",
  "Order_Date": "2016-06-12",
  "Customer_ID": "AW-10930",
  "State": "Texas",
  "Region": "Central",
  "Category": "Office Supplies",
  "Sub_Category": "Binders",
  "Sales": "1.52",
  "Quantity": "2.0",
  "Discount": "0.8",
  "Profit": "-2.67"
}, {
  "Order_ID": "CA-2015-107083",
  "Order_Date": "2015-11-21",
  "Customer_ID": "BB-11545",
  "State": "Texas",
  "Region": "Central",
  "Category": "Office Supplies",
  "Sub_Category": "Binders",
  "Sales": "1.7",
  "Quantity": "2.0",
  "Discount": "0.8",
  "Profit": "-2.54"
}, {
  "Order_ID": "CA-2015-107083",
  "Order_Date": "2015-11-21",
  "Customer_ID": "BB-11545",
  "State": "Texas",
  "Region": "Central",
  "Category": "Office Supplies",
  "Sub_Category": "Binders",
  "Sales": "7.98",
  "Quantity": "5.0",
  "Discount": "0.8",
  "Profit": "-13.17"
}, {
  "Order_ID": "CA-2017-142489",
  "Order_Date": "2017-11-14",
  "Customer_ID": "TC-21295",
  "State": "Texas",
  "Region": "Central",
  "Category": "Office Supplies",
  "Sub_Category": "Binders",
  "Sales": "21.99",
  "Quantity": "5.0",
  "Discount": "0.8",
  "Profit": "-32.99"
}, {
  "Order_ID": "US-2016-144057",
  "Order_Date": "2016-05-09",
  "Customer_ID": "CV-12805",
  "State": "Texas",
  "Region": "Central",
  "Category": "Office Supplies",
  "Sub_Category": "Binders",
  "Sales": "13.18",
  "Quantity": "4.0",
  "Discount": "0.8",
  "Profit": "-20.44"
}, {
  "Order_ID": "US-2016-144057",
  "Order_Date": "2016-05-09",
  "Customer_ID": "CV-12805",
  "State": "Texas",
  "Region": "Central",
  "Category": "Office Supplies",
  "Sub_Category": "Binders",
  "Sales": "18.53",
  "Quantity": "6.0",
  "Discount": "0.8",
  "Profit": "-27.79"
}, {
  "Order_ID": "CA-2017-106691",
  "Order_Date": "2017-11-06",
  "Customer_ID": "CC-12370",
  "State": "Texas",
  "Region": "Central",
  "Category": "Office Supplies",
  "Sub_Category": "Binders",
  "Sales": "1.25",
  "Quantity": "2.0",
  "Discount": "0.8",
  "Profit": "-1.93"
}, {
  "Order_ID": "CA-2017-156622",
  "Order_Date": "2017-11-23",
  "Customer_ID": "JP-15460",
  "State": "Texas",
  "Region": "Central",
  "Category": "Office Supplies",
  "Sub_Category": "Binders",
  "Sales": "6.1",
  "Quantity": "2.0",
  "Discount": "0.8",
  "Profit": "-9.16"
}, {
  "Order_ID": "CA-2015-150413",
  "Order_Date": "2015-10-19",
  "Customer_ID": "CS-11860",
  "State": "Texas",
  "Region": "Central",
  "Category": "Office Supplies",
  "Sub_Category": "Binders",
  "Sales": "1.72",
  "Quantity": "1.0",
  "Discount": "0.8",
  "Profit": "-2.84"
}, {
  "Order_ID": "CA-2015-163181",
  "Order_Date": "2015-11-07",
  "Customer_ID": "AB-10105",
  "State": "Texas",
  "Region": "Central",
  "Category": "Office Supplies",
  "Sub_Category": "Binders",
  "Sales": "32.06",
  "Quantity": "10.0",
  "Discount": "0.8",
  "Profit": "-51.3"
}, {
  "Order_ID": "CA-2015-141810",
  "Order_Date": "2015-11-02",
  "Customer_ID": "BB-10990",
  "State": "Texas",
  "Region": "Central",
  "Category": "Office Supplies",
  "Sub_Category": "Binders",
  "Sales": "29.37",
  "Quantity": "7.0",
  "Discount": "0.8",
  "Profit": "-47.0"
}, {
  "Order_ID": "CA-2017-121160",
  "Order_Date": "2017-11-04",
  "Customer_ID": "FM-14290",
  "State": "Texas",
  "Region": "Central",
  "Category": "Office Supplies",
  "Sub_Category": "Binders",
  "Sales": "7.54",
  "Quantity": "6.0",
  "Discount": "0.8",
  "Profit": "-13.19"
}, {
  "Order_ID": "CA-2017-121160",
  "Order_Date": "2017-11-04",
  "Customer_ID": "FM-14290",
  "State": "Texas",
  "Region": "Central",
  "Category": "Office Supplies",
  "Sub_Category": "Binders",
  "Sales": "1.41",
  "Quantity": "2.0",
  "Discount": "0.8",
  "Profit": "-2.32"
}, {
  "Order_ID": "CA-2017-121160",
  "Order_Date": "2017-11-04",
  "Customer_ID": "FM-14290",
  "State": "Texas",
  "Region": "Central",
  "Category": "Office Supplies",
  "Sub_Category": "Binders",
  "Sales": "4.14",
  "Quantity": "4.0",
  "Discount": "0.8",
  "Profit": "-6.42"
}, {
  "Order_ID": "CA-2017-154011",
  "Order_Date": "2017-06-19",
  "Customer_ID": "DB-13270",
  "State": "Texas",
  "Region": "Central",
  "Category": "Office Supplies",
  "Sub_Category": "Binders",
  "Sales": "6.89",
  "Quantity": "3.0",
  "Discount": "0.8",
  "Profit": "-11.02"
}, {
  "Order_ID": "CA-2017-124114",
  "Order_Date": "2017-03-02",
  "Customer_ID": "RS-19765",
  "State": "Texas",
  "Region": "Central",
  "Category": "Office Supplies",
  "Sub_Category": "Binders",
  "Sales": "0.56",
  "Quantity": "1.0",
  "Discount": "0.8",
  "Profit": "-0.95"
}, {
  "Order_ID": "US-2015-163433",
  "Order_Date": "2015-04-18",
  "Customer_ID": "MP-17965",
  "State": "Texas",
  "Region": "Central",
  "Category": "Office Supplies",
  "Sub_Category": "Binders",
  "Sales": "4.31",
  "Quantity": "2.0",
  "Discount": "0.8",
  "Profit": "-6.9"
}, {
  "Order_ID": "US-2015-163433",
  "Order_Date": "2015-04-18",
  "Customer_ID": "MP-17965",
  "State": "Texas",
  "Region": "Central",
  "Category": "Office Supplies",
  "Sub_Category": "Binders",
  "Sales": "1.48",
  "Quantity": "1.0",
  "Discount": "0.8",
  "Profit": "-2.29"
}, {
  "Order_ID": "CA-2016-132017",
  "Order_Date": "2016-09-26",
  "Customer_ID": "MH-17620",
  "State": "Texas",
  "Region": "Central",
  "Category": "Office Supplies",
  "Sub_Category": "Binders",
  "Sales": "6.82",
  "Quantity": "2.0",
  "Discount": "0.8",
  "Profit": "-11.59"
}, {
  "Order_ID": "CA-2015-135251",
  "Order_Date": "2015-08-06",
  "Customer_ID": "RP-19270",
  "State": "Texas",
  "Region": "Central",
  "Category": "Office Supplies",
  "Sub_Category": "Binders",
  "Sales": "6.23",
  "Quantity": "5.0",
  "Discount": "0.8",
  "Profit": "-9.66"
}, {
  "Order_ID": "US-2017-130603",
  "Order_Date": "2017-09-30",
  "Customer_ID": "SC-20050",
  "State": "Texas",
  "Region": "Central",
  "Category": "Office Supplies",
  "Sub_Category": "Binders",
  "Sales": "11.65",
  "Quantity": "9.0",
  "Discount": "0.8",
  "Profit": "-17.47"
}, {
  "Order_ID": "CA-2014-169019",
  "Order_Date": "2014-07-26",
  "Customer_ID": "LF-17185",
  "State": "Texas",
  "Region": "Central",
  "Category": "Office Supplies",
  "Sub_Category": "Binders",
  "Sales": "16.78",
  "Quantity": "4.0",
  "Discount": "0.8",
  "Profit": "-26.85"
}, {
  "Order_ID": "CA-2014-169019",
  "Order_Date": "2014-07-26",
  "Customer_ID": "LF-17185",
  "State": "Texas",
  "Region": "Central",
  "Category": "Office Supplies",
  "Sub_Category": "Binders",
  "Sales": "8.88",
  "Quantity": "5.0",
  "Discount": "0.8",
  "Profit": "-13.32"
}, {
  "Order_ID": "CA-2014-127166",
  "Order_Date": "2014-05-21",
  "Customer_ID": "KH-16360",
  "State": "Texas",
  "Region": "Central",
  "Category": "Office Supplies",
  "Sub_Category": "Binders",
  "Sales": "18.24",
  "Quantity": "3.0",
  "Discount": "0.8",
  "Profit": "-31.01"
}, {
  "Order_ID": "CA-2016-126627",
  "Order_Date": "2016-10-10",
  "Customer_ID": "WB-21850",
  "State": "Texas",
  "Region": "Central",
  "Category": "Office Supplies",
  "Sub_Category": "Binders",
  "Sales": "16.39",
  "Quantity": "2.0",
  "Discount": "0.8",
  "Profit": "-26.23"
}, {
  "Order_ID": "CA-2016-149272",
  "Order_Date": "2016-03-15",
  "Customer_ID": "MY-18295",
  "State": "Texas",
  "Region": "Central",
  "Category": "Office Supplies",
  "Sub_Category": "Binders",
  "Sales": "22.39",
  "Quantity": "7.0",
  "Discount": "0.8",
  "Profit": "-35.82"
}, {
  "Order_ID": "US-2017-118038",
  "Order_Date": "2017-12-09",
  "Customer_ID": "KB-16600",
  "State": "Texas",
  "Region": "Central",
  "Category": "Office Supplies",
  "Sub_Category": "Storage",
  "Sales": "27.24",
  "Quantity": "3.0",
  "Discount": "0.2",
  "Profit": "2.72"
}, {
  "Order_ID": "CA-2016-159695",
  "Order_Date": "2016-04-05",
  "Customer_ID": "GM-14455",
  "State": "Texas",
  "Region": "Central",
  "Category": "Office Supplies",
  "Sub_Category": "Storage",
  "Sales": "158.37",
  "Quantity": "7.0",
  "Discount": "0.2",
  "Profit": "13.86"
}, {
  "Order_ID": "CA-2014-139892",
  "Order_Date": "2014-09-08",
  "Customer_ID": "BM-11140",
  "State": "Texas",
  "Region": "Central",
  "Category": "Office Supplies",
  "Sub_Category": "Storage",
  "Sales": "275.93",
  "Quantity": "3.0",
  "Discount": "0.2",
  "Profit": "-58.63"
}, {
  "Order_ID": "CA-2016-157000",
  "Order_Date": "2016-07-16",
  "Customer_ID": "AM-10360",
  "State": "Texas",
  "Region": "Central",
  "Category": "Office Supplies",
  "Sub_Category": "Storage",
  "Sales": "37.22",
  "Quantity": "3.0",
  "Discount": "0.2",
  "Profit": "3.72"
}, {
  "Order_ID": "US-2015-120712",
  "Order_Date": "2015-12-20",
  "Customer_ID": "CS-12130",
  "State": "Texas",
  "Region": "Central",
  "Category": "Office Supplies",
  "Sub_Category": "Storage",
  "Sales": "88.8",
  "Quantity": "4.0",
  "Discount": "0.2",
  "Profit": "-2.22"
}, {
  "Order_ID": "CA-2017-104745",
  "Order_Date": "2017-05-29",
  "Customer_ID": "GT-14755",
  "State": "Texas",
  "Region": "Central",
  "Category": "Office Supplies",
  "Sub_Category": "Storage",
  "Sales": "53.42",
  "Quantity": "3.0",
  "Discount": "0.2",
  "Profit": "4.67"
}, {
  "Order_ID": "CA-2015-130792",
  "Order_Date": "2015-04-28",
  "Customer_ID": "RA-19915",
  "State": "Texas",
  "Region": "Central",
  "Category": "Office Supplies",
  "Sub_Category": "Storage",
  "Sales": "23.83",
  "Quantity": "3.0",
  "Discount": "0.2",
  "Profit": "2.68"
}, {
  "Order_ID": "CA-2016-108987",
  "Order_Date": "2016-09-08",
  "Customer_ID": "AG-10675",
  "State": "Texas",
  "Region": "Central",
  "Category": "Office Supplies",
  "Sub_Category": "Storage",
  "Sales": "35.95",
  "Quantity": "3.0",
  "Discount": "0.2",
  "Profit": "3.6"
}, {
  "Order_ID": "CA-2016-108987",
  "Order_Date": "2016-09-08",
  "Customer_ID": "AG-10675",
  "State": "Texas",
  "Region": "Central",
  "Category": "Office Supplies",
  "Sub_Category": "Storage",
  "Sales": "131.14",
  "Quantity": "4.0",
  "Discount": "0.2",
  "Profit": "-32.78"
}, {
  "Order_ID": "CA-2015-157812",
  "Order_Date": "2015-03-22",
  "Customer_ID": "DB-13210",
  "State": "Texas",
  "Region": "Central",
  "Category": "Office Supplies",
  "Sub_Category": "Storage",
  "Sales": "129.57",
  "Quantity": "2.0",
  "Discount": "0.2",
  "Profit": "-25.91"
}, {
  "Order_ID": "CA-2015-146563",
  "Order_Date": "2015-08-24",
  "Customer_ID": "CB-12025",
  "State": "Texas",
  "Region": "Central",
  "Category": "Office Supplies",
  "Sub_Category": "Storage",
  "Sales": "724.08",
  "Quantity": "14.0",
  "Discount": "0.2",
  "Profit": "-135.77"
}, {
  "Order_ID": "CA-2016-165218",
  "Order_Date": "2016-03-05",
  "Customer_ID": "RW-19630",
  "State": "Texas",
  "Region": "Central",
  "Category": "Office Supplies",
  "Sub_Category": "Storage",
  "Sales": "12.99",
  "Quantity": "1.0",
  "Discount": "0.2",
  "Profit": "-0.81"
}, {
  "Order_ID": "US-2016-110156",
  "Order_Date": "2016-11-19",
  "Customer_ID": "EH-13945",
  "State": "Texas",
  "Region": "Central",
  "Category": "Office Supplies",
  "Sub_Category": "Storage",
  "Sales": "100.7",
  "Quantity": "6.0",
  "Discount": "0.2",
  "Profit": "-16.36"
}, {
  "Order_ID": "US-2014-160444",
  "Order_Date": "2014-07-05",
  "Customer_ID": "DC-12850",
  "State": "Texas",
  "Region": "Central",
  "Category": "Office Supplies",
  "Sub_Category": "Storage",
  "Sales": "220.78",
  "Quantity": "3.0",
  "Discount": "0.2",
  "Profit": "-44.16"
}, {
  "Order_ID": "US-2014-160444",
  "Order_Date": "2014-07-05",
  "Customer_ID": "DC-12850",
  "State": "Texas",
  "Region": "Central",
  "Category": "Office Supplies",
  "Sub_Category": "Storage",
  "Sales": "281.42",
  "Quantity": "11.0",
  "Discount": "0.2",
  "Profit": "-35.18"
}, {
  "Order_ID": "CA-2017-152485",
  "Order_Date": "2017-09-04",
  "Customer_ID": "JD-15790",
  "State": "Texas",
  "Region": "Central",
  "Category": "Office Supplies",
  "Sub_Category": "Storage",
  "Sales": "16.78",
  "Quantity": "1.0",
  "Discount": "0.2",
  "Profit": "-0.21"
}, {
  "Order_ID": "CA-2017-130386",
  "Order_Date": "2017-11-12",
  "Customer_ID": "NG-18430",
  "State": "Texas",
  "Region": "Central",
  "Category": "Office Supplies",
  "Sub_Category": "Storage",
  "Sales": "540.05",
  "Quantity": "3.0",
  "Discount": "0.2",
  "Profit": "-47.25"
}, {
  "Order_ID": "CA-2017-112809",
  "Order_Date": "2017-08-18",
  "Customer_ID": "RA-19915",
  "State": "Texas",
  "Region": "Central",
  "Category": "Office Supplies",
  "Sub_Category": "Storage",
  "Sales": "200.06",
  "Quantity": "3.0",
  "Discount": "0.2",
  "Profit": "12.5"
}, {
  "Order_ID": "CA-2015-111395",
  "Order_Date": "2015-11-23",
  "Customer_ID": "VB-21745",
  "State": "Texas",
  "Region": "Central",
  "Category": "Office Supplies",
  "Sub_Category": "Storage",
  "Sales": "27.06",
  "Quantity": "2.0",
  "Discount": "0.2",
  "Profit": "2.37"
}, {
  "Order_ID": "CA-2016-128531",
  "Order_Date": "2016-11-24",
  "Customer_ID": "NS-18505",
  "State": "Texas",
  "Region": "Central",
  "Category": "Office Supplies",
  "Sub_Category": "Storage",
  "Sales": "41.92",
  "Quantity": "5.0",
  "Discount": "0.2",
  "Profit": "3.67"
}, {
  "Order_ID": "US-2016-131149",
  "Order_Date": "2016-07-10",
  "Customer_ID": "LH-17155",
  "State": "Texas",
  "Region": "Central",
  "Category": "Office Supplies",
  "Sub_Category": "Storage",
  "Sales": "338.04",
  "Quantity": "3.0",
  "Discount": "0.2",
  "Profit": "-33.8"
}, {
  "Order_ID": "CA-2014-104773",
  "Order_Date": "2014-12-08",
  "Customer_ID": "TB-21175",
  "State": "Texas",
  "Region": "Central",
  "Category": "Office Supplies",
  "Sub_Category": "Storage",
  "Sales": "60.42",
  "Quantity": "2.0",
  "Discount": "0.2",
  "Profit": "6.04"
}, {
  "Order_ID": "US-2017-158218",
  "Order_Date": "2017-05-12",
  "Customer_ID": "AC-10420",
  "State": "Texas",
  "Region": "Central",
  "Category": "Office Supplies",
  "Sub_Category": "Storage",
  "Sales": "127.92",
  "Quantity": "5.0",
  "Discount": "0.2",
  "Profit": "-15.99"
}, {
  "Order_ID": "CA-2014-151078",
  "Order_Date": "2014-11-12",
  "Customer_ID": "RF-19840",
  "State": "Texas",
  "Region": "Central",
  "Category": "Office Supplies",
  "Sub_Category": "Storage",
  "Sales": "49.63",
  "Quantity": "4.0",
  "Discount": "0.2",
  "Profit": "4.96"
}, {
  "Order_ID": "CA-2015-155761",
  "Order_Date": "2015-12-11",
  "Customer_ID": "SC-20800",
  "State": "Texas",
  "Region": "Central",
  "Category": "Office Supplies",
  "Sub_Category": "Storage",
  "Sales": "46.34",
  "Quantity": "3.0",
  "Discount": "0.2",
  "Profit": "4.63"
}, {
  "Order_ID": "CA-2015-132507",
  "Order_Date": "2015-07-30",
  "Customer_ID": "CC-12610",
  "State": "Texas",
  "Region": "Central",
  "Category": "Office Supplies",
  "Sub_Category": "Storage",
  "Sales": "61.79",
  "Quantity": "4.0",
  "Discount": "0.2",
  "Profit": "6.18"
}, {
  "Order_ID": "CA-2017-141992",
  "Order_Date": "2017-06-19",
  "Customer_ID": "FO-14305",
  "State": "Texas",
  "Region": "Central",
  "Category": "Office Supplies",
  "Sub_Category": "Storage",
  "Sales": "153.58",
  "Quantity": "2.0",
  "Discount": "0.2",
  "Profit": "-32.64"
}, {
  "Order_ID": "CA-2017-131016",
  "Order_Date": "2017-09-18",
  "Customer_ID": "DC-12850",
  "State": "Texas",
  "Region": "Central",
  "Category": "Office Supplies",
  "Sub_Category": "Storage",
  "Sales": "47.58",
  "Quantity": "2.0",
  "Discount": "0.2",
  "Profit": "-2.97"
}, {
  "Order_ID": "CA-2017-135650",
  "Order_Date": "2017-03-23",
  "Customer_ID": "AC-10660",
  "State": "Texas",
  "Region": "Central",
  "Category": "Office Supplies",
  "Sub_Category": "Storage",
  "Sales": "143.73",
  "Quantity": "2.0",
  "Discount": "0.2",
  "Profit": "-32.34"
}, {
  "Order_ID": "US-2016-160528",
  "Order_Date": "2016-08-23",
  "Customer_ID": "MH-18115",
  "State": "Texas",
  "Region": "Central",
  "Category": "Office Supplies",
  "Sub_Category": "Storage",
  "Sales": "727.3",
  "Quantity": "8.0",
  "Discount": "0.2",
  "Profit": "-172.73"
}, {
  "Order_ID": "CA-2014-143903",
  "Order_Date": "2014-07-20",
  "Customer_ID": "KM-16375",
  "State": "Texas",
  "Region": "Central",
  "Category": "Office Supplies",
  "Sub_Category": "Storage",
  "Sales": "342.86",
  "Quantity": "3.0",
  "Discount": "0.2",
  "Profit": "38.57"
}, {
  "Order_ID": "CA-2017-164168",
  "Order_Date": "2017-11-12",
  "Customer_ID": "LS-16975",
  "State": "Texas",
  "Region": "Central",
  "Category": "Office Supplies",
  "Sub_Category": "Storage",
  "Sales": "77.95",
  "Quantity": "3.0",
  "Discount": "0.2",
  "Profit": "-15.59"
}, {
  "Order_ID": "US-2017-156356",
  "Order_Date": "2017-04-16",
  "Customer_ID": "ND-18370",
  "State": "Texas",
  "Region": "Central",
  "Category": "Office Supplies",
  "Sub_Category": "Storage",
  "Sales": "32.54",
  "Quantity": "2.0",
  "Discount": "0.2",
  "Profit": "-7.73"
}, {
  "Order_ID": "CA-2016-100671",
  "Order_Date": "2016-11-01",
  "Customer_ID": "CS-12490",
  "State": "Texas",
  "Region": "Central",
  "Category": "Office Supplies",
  "Sub_Category": "Storage",
  "Sales": "111.67",
  "Quantity": "9.0",
  "Discount": "0.2",
  "Profit": "6.98"
}, {
  "Order_ID": "CA-2017-152583",
  "Order_Date": "2017-10-30",
  "Customer_ID": "RA-19945",
  "State": "Texas",
  "Region": "Central",
  "Category": "Office Supplies",
  "Sub_Category": "Storage",
  "Sales": "54.19",
  "Quantity": "6.0",
  "Discount": "0.2",
  "Profit": "4.06"
}, {
  "Order_ID": "CA-2014-166863",
  "Order_Date": "2014-06-20",
  "Customer_ID": "SC-20020",
  "State": "Texas",
  "Region": "Central",
  "Category": "Office Supplies",
  "Sub_Category": "Storage",
  "Sales": "509.49",
  "Quantity": "7.0",
  "Discount": "0.2",
  "Profit": "-127.37"
}, {
  "Order_ID": "CA-2014-132801",
  "Order_Date": "2014-10-07",
  "Customer_ID": "JG-15805",
  "State": "Texas",
  "Region": "Central",
  "Category": "Office Supplies",
  "Sub_Category": "Storage",
  "Sales": "107.44",
  "Quantity": "10.0",
  "Discount": "0.2",
  "Profit": "10.74"
}, {
  "Order_ID": "CA-2017-106068",
  "Order_Date": "2017-10-23",
  "Customer_ID": "RB-19330",
  "State": "Texas",
  "Region": "Central",
  "Category": "Office Supplies",
  "Sub_Category": "Storage",
  "Sales": "13.72",
  "Quantity": "1.0",
  "Discount": "0.2",
  "Profit": "1.2"
}, {
  "Order_ID": "CA-2017-106068",
  "Order_Date": "2017-10-23",
  "Customer_ID": "RB-19330",
  "State": "Texas",
  "Region": "Central",
  "Category": "Office Supplies",
  "Sub_Category": "Storage",
  "Sales": "259.14",
  "Quantity": "4.0",
  "Discount": "0.2",
  "Profit": "-58.31"
}, {
  "Order_ID": "CA-2017-112536",
  "Order_Date": "2017-05-18",
  "Customer_ID": "SG-20890",
  "State": "Texas",
  "Region": "Central",
  "Category": "Office Supplies",
  "Sub_Category": "Storage",
  "Sales": "8.93",
  "Quantity": "2.0",
  "Discount": "0.2",
  "Profit": "0.67"
}, {
  "Order_ID": "CA-2016-145240",
  "Order_Date": "2016-09-06",
  "Customer_ID": "BG-11740",
  "State": "Texas",
  "Region": "Central",
  "Category": "Office Supplies",
  "Sub_Category": "Storage",
  "Sales": "10.78",
  "Quantity": "1.0",
  "Discount": "0.2",
  "Profit": "0.81"
}, {
  "Order_ID": "US-2017-133200",
  "Order_Date": "2017-05-06",
  "Customer_ID": "DB-13555",
  "State": "Texas",
  "Region": "Central",
  "Category": "Office Supplies",
  "Sub_Category": "Storage",
  "Sales": "772.68",
  "Quantity": "5.0",
  "Discount": "0.2",
  "Profit": "-57.95"
}, {
  "Order_ID": "CA-2017-140298",
  "Order_Date": "2017-05-11",
  "Customer_ID": "JK-16120",
  "State": "Texas",
  "Region": "Central",
  "Category": "Office Supplies",
  "Sub_Category": "Storage",
  "Sales": "74.42",
  "Quantity": "2.0",
  "Discount": "0.2",
  "Profit": "-14.88"
}, {
  "Order_ID": "CA-2017-164042",
  "Order_Date": "2017-05-23",
  "Customer_ID": "KL-16645",
  "State": "Texas",
  "Region": "Central",
  "Category": "Office Supplies",
  "Sub_Category": "Storage",
  "Sales": "48.82",
  "Quantity": "3.0",
  "Discount": "0.2",
  "Profit": "-11.59"
}, {
  "Order_ID": "CA-2014-134572",
  "Order_Date": "2014-04-20",
  "Customer_ID": "SV-20365",
  "State": "Texas",
  "Region": "Central",
  "Category": "Office Supplies",
  "Sub_Category": "Storage",
  "Sales": "44.84",
  "Quantity": "5.0",
  "Discount": "0.2",
  "Profit": "5.61"
}, {
  "Order_ID": "CA-2017-100951",
  "Order_Date": "2017-06-09",
  "Customer_ID": "NC-18625",
  "State": "Texas",
  "Region": "Central",
  "Category": "Office Supplies",
  "Sub_Category": "Storage",
  "Sales": "720.76",
  "Quantity": "5.0",
  "Discount": "0.2",
  "Profit": "54.06"
}, {
  "Order_ID": "CA-2017-164098",
  "Order_Date": "2017-01-26",
  "Customer_ID": "CG-12520",
  "State": "Texas",
  "Region": "Central",
  "Category": "Office Supplies",
  "Sub_Category": "Storage",
  "Sales": "18.16",
  "Quantity": "2.0",
  "Discount": "0.2",
  "Profit": "1.82"
}, {
  "Order_ID": "CA-2016-117919",
  "Order_Date": "2016-08-27",
  "Customer_ID": "TB-21355",
  "State": "Texas",
  "Region": "Central",
  "Category": "Office Supplies",
  "Sub_Category": "Storage",
  "Sales": "14.16",
  "Quantity": "1.0",
  "Discount": "0.2",
  "Profit": "1.06"
}, {
  "Order_ID": "CA-2016-117408",
  "Order_Date": "2016-08-31",
  "Customer_ID": "TP-21130",
  "State": "Texas",
  "Region": "Central",
  "Category": "Office Supplies",
  "Sub_Category": "Storage",
  "Sales": "23.97",
  "Quantity": "2.0",
  "Discount": "0.2",
  "Profit": "2.4"
}, {
  "Order_ID": "CA-2017-113873",
  "Order_Date": "2017-11-13",
  "Customer_ID": "KE-16420",
  "State": "Texas",
  "Region": "Central",
  "Category": "Office Supplies",
  "Sub_Category": "Storage",
  "Sales": "61.79",
  "Quantity": "4.0",
  "Discount": "0.2",
  "Profit": "6.18"
}, {
  "Order_ID": "CA-2015-112214",
  "Order_Date": "2015-08-05",
  "Customer_ID": "AH-10690",
  "State": "Texas",
  "Region": "Central",
  "Category": "Office Supplies",
  "Sub_Category": "Storage",
  "Sales": "33.49",
  "Quantity": "7.0",
  "Discount": "0.2",
  "Profit": "-1.26"
}, {
  "Order_ID": "CA-2015-120901",
  "Order_Date": "2015-12-31",
  "Customer_ID": "BG-11035",
  "State": "Texas",
  "Region": "Central",
  "Category": "Office Supplies",
  "Sub_Category": "Storage",
  "Sales": "152.69",
  "Quantity": "2.0",
  "Discount": "0.2",
  "Profit": "-26.72"
}, {
  "Order_ID": "CA-2017-154676",
  "Order_Date": "2017-08-05",
  "Customer_ID": "NZ-18565",
  "State": "Texas",
  "Region": "Central",
  "Category": "Office Supplies",
  "Sub_Category": "Storage",
  "Sales": "151.06",
  "Quantity": "9.0",
  "Discount": "0.2",
  "Profit": "7.55"
}, {
  "Order_ID": "US-2017-119816",
  "Order_Date": "2017-03-04",
  "Customer_ID": "TT-21460",
  "State": "Texas",
  "Region": "Central",
  "Category": "Office Supplies",
  "Sub_Category": "Storage",
  "Sales": "8.72",
  "Quantity": "1.0",
  "Discount": "0.2",
  "Profit": "0.65"
}, {
  "Order_ID": "US-2016-152373",
  "Order_Date": "2016-09-05",
  "Customer_ID": "PT-19090",
  "State": "Texas",
  "Region": "Central",
  "Category": "Office Supplies",
  "Sub_Category": "Storage",
  "Sales": "93.46",
  "Quantity": "3.0",
  "Discount": "0.2",
  "Profit": "-17.52"
}, {
  "Order_ID": "US-2017-141677",
  "Order_Date": "2017-03-26",
  "Customer_ID": "HK-14890",
  "State": "Texas",
  "Region": "Central",
  "Category": "Office Supplies",
  "Sub_Category": "Storage",
  "Sales": "32.23",
  "Quantity": "3.0",
  "Discount": "0.2",
  "Profit": "2.42"
}, {
  "Order_ID": "CA-2014-109932",
  "Order_Date": "2014-12-09",
  "Customer_ID": "VP-21760",
  "State": "Texas",
  "Region": "Central",
  "Category": "Office Supplies",
  "Sub_Category": "Storage",
  "Sales": "237.1",
  "Quantity": "3.0",
  "Discount": "0.2",
  "Profit": "20.75"
}, {
  "Order_ID": "CA-2017-121195",
  "Order_Date": "2017-12-24",
  "Customer_ID": "NS-18505",
  "State": "Texas",
  "Region": "Central",
  "Category": "Office Supplies",
  "Sub_Category": "Storage",
  "Sales": "264.32",
  "Quantity": "2.0",
  "Discount": "0.2",
  "Profit": "19.82"
}, {
  "Order_ID": "CA-2017-110821",
  "Order_Date": "2017-08-07",
  "Customer_ID": "CK-12205",
  "State": "Texas",
  "Region": "Central",
  "Category": "Office Supplies",
  "Sub_Category": "Storage",
  "Sales": "118.16",
  "Quantity": "2.0",
  "Discount": "0.2",
  "Profit": "-25.11"
}, {
  "Order_ID": "CA-2016-104311",
  "Order_Date": "2016-05-02",
  "Customer_ID": "AS-10090",
  "State": "Texas",
  "Region": "Central",
  "Category": "Office Supplies",
  "Sub_Category": "Storage",
  "Sales": "18.94",
  "Quantity": "3.0",
  "Discount": "0.2",
  "Profit": "-3.79"
}, {
  "Order_ID": "CA-2016-104311",
  "Order_Date": "2016-05-02",
  "Customer_ID": "AS-10090",
  "State": "Texas",
  "Region": "Central",
  "Category": "Office Supplies",
  "Sub_Category": "Storage",
  "Sales": "12.67",
  "Quantity": "3.0",
  "Discount": "0.2",
  "Profit": "-3.17"
}, {
  "Order_ID": "CA-2014-131009",
  "Order_Date": "2014-03-01",
  "Customer_ID": "SC-20380",
  "State": "Texas",
  "Region": "Central",
  "Category": "Office Supplies",
  "Sub_Category": "Storage",
  "Sales": "129.55",
  "Quantity": "3.0",
  "Discount": "0.2",
  "Profit": "-22.67"
}, {
  "Order_ID": "CA-2017-151750",
  "Order_Date": "2017-01-01",
  "Customer_ID": "JM-15250",
  "State": "Texas",
  "Region": "Central",
  "Category": "Office Supplies",
  "Sub_Category": "Storage",
  "Sales": "454.56",
  "Quantity": "5.0",
  "Discount": "0.2",
  "Profit": "-107.96"
}, {
  "Order_ID": "CA-2015-137064",
  "Order_Date": "2015-02-06",
  "Customer_ID": "TS-21655",
  "State": "Texas",
  "Region": "Central",
  "Category": "Office Supplies",
  "Sub_Category": "Storage",
  "Sales": "670.75",
  "Quantity": "3.0",
  "Discount": "0.2",
  "Profit": "-125.77"
}, {
  "Order_ID": "CA-2016-116337",
  "Order_Date": "2016-11-07",
  "Customer_ID": "MC-17845",
  "State": "Texas",
  "Region": "Central",
  "Category": "Office Supplies",
  "Sub_Category": "Storage",
  "Sales": "314.09",
  "Quantity": "3.0",
  "Discount": "0.2",
  "Profit": "19.63"
}, {
  "Order_ID": "CA-2014-152905",
  "Order_Date": "2014-02-18",
  "Customer_ID": "AB-10015",
  "State": "Texas",
  "Region": "Central",
  "Category": "Office Supplies",
  "Sub_Category": "Storage",
  "Sales": "12.62",
  "Quantity": "2.0",
  "Discount": "0.2",
  "Profit": "-2.52"
}, {
  "Order_ID": "CA-2014-168312",
  "Order_Date": "2014-03-01",
  "Customer_ID": "GW-14605",
  "State": "Texas",
  "Region": "Central",
  "Category": "Office Supplies",
  "Sub_Category": "Storage",
  "Sales": "137.35",
  "Quantity": "3.0",
  "Discount": "0.2",
  "Profit": "8.58"
}, {
  "Order_ID": "CA-2017-147207",
  "Order_Date": "2017-01-02",
  "Customer_ID": "TS-21655",
  "State": "Texas",
  "Region": "Central",
  "Category": "Office Supplies",
  "Sub_Category": "Storage",
  "Sales": "372.14",
  "Quantity": "3.0",
  "Discount": "0.2",
  "Profit": "27.91"
}, {
  "Order_ID": "CA-2015-162964",
  "Order_Date": "2015-11-12",
  "Customer_ID": "MF-18250",
  "State": "Texas",
  "Region": "Central",
  "Category": "Office Supplies",
  "Sub_Category": "Storage",
  "Sales": "64.78",
  "Quantity": "1.0",
  "Discount": "0.2",
  "Profit": "-14.58"
}, {
  "Order_ID": "CA-2016-125087",
  "Order_Date": "2016-04-18",
  "Customer_ID": "TH-21115",
  "State": "Texas",
  "Region": "Central",
  "Category": "Office Supplies",
  "Sub_Category": "Storage",
  "Sales": "1554.94",
  "Quantity": "3.0",
  "Discount": "0.2",
  "Profit": "77.75"
}, {
  "Order_ID": "CA-2014-130673",
  "Order_Date": "2014-05-20",
  "Customer_ID": "MC-17590",
  "State": "Texas",
  "Region": "Central",
  "Category": "Office Supplies",
  "Sub_Category": "Storage",
  "Sales": "66.96",
  "Quantity": "5.0",
  "Discount": "0.2",
  "Profit": "-13.39"
}, {
  "Order_ID": "CA-2016-120824",
  "Order_Date": "2016-06-12",
  "Customer_ID": "AW-10930",
  "State": "Texas",
  "Region": "Central",
  "Category": "Office Supplies",
  "Sub_Category": "Storage",
  "Sales": "67.54",
  "Quantity": "9.0",
  "Discount": "0.2",
  "Profit": "6.75"
}, {
  "Order_ID": "US-2016-144057",
  "Order_Date": "2016-05-09",
  "Customer_ID": "CV-12805",
  "State": "Texas",
  "Region": "Central",
  "Category": "Office Supplies",
  "Sub_Category": "Storage",
  "Sales": "856.66",
  "Quantity": "6.0",
  "Discount": "0.2",
  "Profit": "107.08"
}, {
  "Order_ID": "CA-2015-163181",
  "Order_Date": "2015-11-07",
  "Customer_ID": "AB-10105",
  "State": "Texas",
  "Region": "Central",
  "Category": "Office Supplies",
  "Sub_Category": "Storage",
  "Sales": "84.78",
  "Quantity": "2.0",
  "Discount": "0.2",
  "Profit": "-16.96"
}, {
  "Order_ID": "CA-2015-163181",
  "Order_Date": "2015-11-07",
  "Customer_ID": "AB-10105",
  "State": "Texas",
  "Region": "Central",
  "Category": "Office Supplies",
  "Sub_Category": "Storage",
  "Sales": "177.65",
  "Quantity": "2.0",
  "Discount": "0.2",
  "Profit": "-28.87"
}, {
  "Order_ID": "CA-2017-112473",
  "Order_Date": "2017-05-25",
  "Customer_ID": "JL-15505",
  "State": "Texas",
  "Region": "Central",
  "Category": "Office Supplies",
  "Sub_Category": "Storage",
  "Sales": "50.14",
  "Quantity": "3.0",
  "Discount": "0.2",
  "Profit": "-11.28"
}, {
  "Order_ID": "CA-2017-121160",
  "Order_Date": "2017-11-04",
  "Customer_ID": "FM-14290",
  "State": "Texas",
  "Region": "Central",
  "Category": "Office Supplies",
  "Sub_Category": "Storage",
  "Sales": "52.75",
  "Quantity": "3.0",
  "Discount": "0.2",
  "Profit": "-12.53"
}, {
  "Order_ID": "CA-2015-163734",
  "Order_Date": "2015-06-19",
  "Customer_ID": "KM-16375",
  "State": "Texas",
  "Region": "Central",
  "Category": "Office Supplies",
  "Sub_Category": "Storage",
  "Sales": "228.92",
  "Quantity": "5.0",
  "Discount": "0.2",
  "Profit": "14.31"
}, {
  "Order_ID": "CA-2017-150504",
  "Order_Date": "2017-11-06",
  "Customer_ID": "HG-14845",
  "State": "Texas",
  "Region": "Central",
  "Category": "Office Supplies",
  "Sub_Category": "Storage",
  "Sales": "18.16",
  "Quantity": "2.0",
  "Discount": "0.2",
  "Profit": "1.82"
}, {
  "Order_ID": "CA-2017-101637",
  "Order_Date": "2017-03-24",
  "Customer_ID": "AC-10615",
  "State": "Texas",
  "Region": "Central",
  "Category": "Office Supplies",
  "Sub_Category": "Storage",
  "Sales": "12.77",
  "Quantity": "2.0",
  "Discount": "0.2",
  "Profit": "0.96"
}, {
  "Order_ID": "CA-2017-102729",
  "Order_Date": "2017-10-26",
  "Customer_ID": "BF-11215",
  "State": "Texas",
  "Region": "Central",
  "Category": "Office Supplies",
  "Sub_Category": "Storage",
  "Sales": "55.62",
  "Quantity": "2.0",
  "Discount": "0.2",
  "Profit": "5.56"
}, {
  "Order_ID": "US-2014-164644",
  "Order_Date": "2014-07-22",
  "Customer_ID": "JL-15850",
  "State": "Texas",
  "Region": "Central",
  "Category": "Office Supplies",
  "Sub_Category": "Storage",
  "Sales": "26.63",
  "Quantity": "1.0",
  "Discount": "0.2",
  "Profit": "1.33"
}, {
  "Order_ID": "CA-2017-100314",
  "Order_Date": "2017-09-29",
  "Customer_ID": "AS-10630",
  "State": "Texas",
  "Region": "Central",
  "Category": "Technology",
  "Sub_Category": "Machines",
  "Sales": "336.51",
  "Quantity": "3.0",
  "Discount": "0.4",
  "Profit": "44.87"
}, {
  "Order_ID": "CA-2017-121503",
  "Order_Date": "2017-07-03",
  "Customer_ID": "FH-14275",
  "State": "Texas",
  "Region": "Central",
  "Category": "Technology",
  "Sub_Category": "Machines",
  "Sales": "597.13",
  "Quantity": "3.0",
  "Discount": "0.4",
  "Profit": "49.76"
}, {
  "Order_ID": "CA-2014-166863",
  "Order_Date": "2014-06-20",
  "Customer_ID": "SC-20020",
  "State": "Texas",
  "Region": "Central",
  "Category": "Technology",
  "Sub_Category": "Machines",
  "Sales": "418.8",
  "Quantity": "2.0",
  "Discount": "0.4",
  "Profit": "-97.72"
}, {
  "Order_ID": "CA-2016-145730",
  "Order_Date": "2016-03-03",
  "Customer_ID": "CC-12220",
  "State": "Texas",
  "Region": "Central",
  "Category": "Technology",
  "Sub_Category": "Machines",
  "Sales": "287.91",
  "Quantity": "3.0",
  "Discount": "0.4",
  "Profit": "33.59"
}, {
  "Order_ID": "CA-2015-161767",
  "Order_Date": "2015-11-20",
  "Customer_ID": "GK-14620",
  "State": "Texas",
  "Region": "Central",
  "Category": "Technology",
  "Sub_Category": "Machines",
  "Sales": "479.99",
  "Quantity": "2.0",
  "Discount": "0.4",
  "Profit": "56.0"
}, {
  "Order_ID": "CA-2014-158281",
  "Order_Date": "2014-09-02",
  "Customer_ID": "AG-10525",
  "State": "Texas",
  "Region": "Central",
  "Category": "Technology",
  "Sub_Category": "Machines",
  "Sales": "559.71",
  "Quantity": "3.0",
  "Discount": "0.4",
  "Profit": "-121.27"
}, {
  "Order_ID": "CA-2015-163181",
  "Order_Date": "2015-11-07",
  "Customer_ID": "AB-10105",
  "State": "Texas",
  "Region": "Central",
  "Category": "Technology",
  "Sub_Category": "Machines",
  "Sales": "287.91",
  "Quantity": "3.0",
  "Discount": "0.4",
  "Profit": "33.59"
}, {
  "Order_ID": "CA-2015-143147",
  "Order_Date": "2015-05-26",
  "Customer_ID": "PS-18760",
  "State": "Texas",
  "Region": "Central",
  "Category": "Technology",
  "Sub_Category": "Machines",
  "Sales": "399.54",
  "Quantity": "2.0",
  "Discount": "0.4",
  "Profit": "-79.91"
}, {
  "Order_ID": "CA-2017-132682",
  "Order_Date": "2017-06-08",
  "Customer_ID": "TH-21235",
  "State": "Texas",
  "Region": "Central",
  "Category": "Office Supplies",
  "Sub_Category": "Supplies",
  "Sales": "23.76",
  "Quantity": "3.0",
  "Discount": "0.2",
  "Profit": "2.08"
}, {
  "Order_ID": "US-2016-146710",
  "Order_Date": "2016-08-27",
  "Customer_ID": "SS-20875",
  "State": "Texas",
  "Region": "Central",
  "Category": "Office Supplies",
  "Sub_Category": "Supplies",
  "Sales": "51.52",
  "Quantity": "5.0",
  "Discount": "0.2",
  "Profit": "-10.95"
}, {
  "Order_ID": "US-2016-146710",
  "Order_Date": "2016-08-27",
  "Customer_ID": "SS-20875",
  "State": "Texas",
  "Region": "Central",
  "Category": "Office Supplies",
  "Sub_Category": "Supplies",
  "Sales": "55.17",
  "Quantity": "4.0",
  "Discount": "0.2",
  "Profit": "6.21"
}, {
  "Order_ID": "US-2017-139955",
  "Order_Date": "2017-09-28",
  "Customer_ID": "CM-12160",
  "State": "Texas",
  "Region": "Central",
  "Category": "Office Supplies",
  "Sub_Category": "Supplies",
  "Sales": "1.74",
  "Quantity": "1.0",
  "Discount": "0.2",
  "Profit": "-0.35"
}, {
  "Order_ID": "CA-2017-158876",
  "Order_Date": "2017-11-19",
  "Customer_ID": "AB-10150",
  "State": "Texas",
  "Region": "Central",
  "Category": "Office Supplies",
  "Sub_Category": "Supplies",
  "Sales": "6.67",
  "Quantity": "1.0",
  "Discount": "0.2",
  "Profit": "0.5"
}, {
  "Order_ID": "CA-2017-146024",
  "Order_Date": "2017-03-02",
  "Customer_ID": "SC-20770",
  "State": "Texas",
  "Region": "Central",
  "Category": "Office Supplies",
  "Sub_Category": "Supplies",
  "Sales": "6.98",
  "Quantity": "4.0",
  "Discount": "0.2",
  "Profit": "-1.4"
}, {
  "Order_ID": "CA-2017-141992",
  "Order_Date": "2017-06-19",
  "Customer_ID": "FO-14305",
  "State": "Texas",
  "Region": "Central",
  "Category": "Office Supplies",
  "Sub_Category": "Supplies",
  "Sales": "11.18",
  "Quantity": "1.0",
  "Discount": "0.2",
  "Profit": "0.84"
}, {
  "Order_ID": "CA-2014-154186",
  "Order_Date": "2014-12-13",
  "Customer_ID": "RA-19285",
  "State": "Texas",
  "Region": "Central",
  "Category": "Office Supplies",
  "Sub_Category": "Supplies",
  "Sales": "2.92",
  "Quantity": "1.0",
  "Discount": "0.2",
  "Profit": "0.37"
}, {
  "Order_ID": "CA-2015-162621",
  "Order_Date": "2015-09-05",
  "Customer_ID": "CA-12055",
  "State": "Texas",
  "Region": "Central",
  "Category": "Office Supplies",
  "Sub_Category": "Supplies",
  "Sales": "69.12",
  "Quantity": "9.0",
  "Discount": "0.2",
  "Profit": "-14.69"
}, {
  "Order_ID": "CA-2014-159310",
  "Order_Date": "2014-11-07",
  "Customer_ID": "SC-20725",
  "State": "Texas",
  "Region": "Central",
  "Category": "Office Supplies",
  "Sub_Category": "Supplies",
  "Sales": "40.71",
  "Quantity": "7.0",
  "Discount": "0.2",
  "Profit": "3.56"
}, {
  "Order_ID": "US-2014-159618",
  "Order_Date": "2014-11-12",
  "Customer_ID": "DB-12970",
  "State": "Texas",
  "Region": "Central",
  "Category": "Office Supplies",
  "Sub_Category": "Supplies",
  "Sales": "16.66",
  "Quantity": "6.0",
  "Discount": "0.2",
  "Profit": "-3.12"
}, {
  "Order_ID": "CA-2015-112214",
  "Order_Date": "2015-08-05",
  "Customer_ID": "AH-10690",
  "State": "Texas",
  "Region": "Central",
  "Category": "Office Supplies",
  "Sub_Category": "Supplies",
  "Sales": "23.04",
  "Quantity": "3.0",
  "Discount": "0.2",
  "Profit": "-4.9"
}, {
  "Order_ID": "CA-2015-120901",
  "Order_Date": "2015-12-31",
  "Customer_ID": "BG-11035",
  "State": "Texas",
  "Region": "Central",
  "Category": "Office Supplies",
  "Sub_Category": "Supplies",
  "Sales": "5.89",
  "Quantity": "2.0",
  "Discount": "0.2",
  "Profit": "-1.32"
}, {
  "Order_ID": "CA-2016-112256",
  "Order_Date": "2016-07-23",
  "Customer_ID": "CK-12205",
  "State": "Texas",
  "Region": "Central",
  "Category": "Office Supplies",
  "Sub_Category": "Supplies",
  "Sales": "13.34",
  "Quantity": "2.0",
  "Discount": "0.2",
  "Profit": "1.0"
}, {
  "Order_ID": "CA-2017-133102",
  "Order_Date": "2017-08-17",
  "Customer_ID": "ED-13885",
  "State": "Texas",
  "Region": "Central",
  "Category": "Office Supplies",
  "Sub_Category": "Supplies",
  "Sales": "5.55",
  "Quantity": "2.0",
  "Discount": "0.2",
  "Profit": "-1.04"
}, {
  "Order_ID": "CA-2017-134194",
  "Order_Date": "2017-12-25",
  "Customer_ID": "GA-14725",
  "State": "Texas",
  "Region": "Central",
  "Category": "Office Supplies",
  "Sub_Category": "Supplies",
  "Sales": "44.69",
  "Quantity": "7.0",
  "Discount": "0.2",
  "Profit": "5.03"
}, {
  "Order_ID": "US-2016-141264",
  "Order_Date": "2016-08-13",
  "Customer_ID": "CT-11995",
  "State": "Texas",
  "Region": "Central",
  "Category": "Office Supplies",
  "Sub_Category": "Supplies",
  "Sales": "185.38",
  "Quantity": "2.0",
  "Discount": "0.2",
  "Profit": "-34.76"
}, {
  "Order_ID": "CA-2015-132941",
  "Order_Date": "2015-05-25",
  "Customer_ID": "MM-18280",
  "State": "Texas",
  "Region": "Central",
  "Category": "Office Supplies",
  "Sub_Category": "Supplies",
  "Sales": "22.37",
  "Quantity": "2.0",
  "Discount": "0.2",
  "Profit": "1.68"
}, {
  "Order_ID": "CA-2015-117415",
  "Order_Date": "2015-12-27",
  "Customer_ID": "SN-20710",
  "State": "Texas",
  "Region": "Central",
  "Category": "Furniture",
  "Sub_Category": "Bookcases",
  "Sales": "532.4",
  "Quantity": "3.0",
  "Discount": "0.32",
  "Profit": "-46.98"
}, {
  "Order_ID": "CA-2017-154907",
  "Order_Date": "2017-03-31",
  "Customer_ID": "DS-13180",
  "State": "Texas",
  "Region": "Central",
  "Category": "Furniture",
  "Sub_Category": "Bookcases",
  "Sales": "205.33",
  "Quantity": "2.0",
  "Discount": "0.32",
  "Profit": "-36.24"
}, {
  "Order_ID": "CA-2017-136539",
  "Order_Date": "2017-12-28",
  "Customer_ID": "GH-14665",
  "State": "Texas",
  "Region": "Central",
  "Category": "Furniture",
  "Sub_Category": "Bookcases",
  "Sales": "78.85",
  "Quantity": "2.0",
  "Discount": "0.32",
  "Profit": "-11.6"
}, {
  "Order_ID": "US-2014-112914",
  "Order_Date": "2014-09-25",
  "Customer_ID": "MT-18070",
  "State": "Texas",
  "Region": "Central",
  "Category": "Furniture",
  "Sub_Category": "Bookcases",
  "Sales": "300.53",
  "Quantity": "2.0",
  "Discount": "0.32",
  "Profit": "-97.23"
}, {
  "Order_ID": "CA-2017-124674",
  "Order_Date": "2017-11-17",
  "Customer_ID": "JB-16000",
  "State": "Texas",
  "Region": "Central",
  "Category": "Furniture",
  "Sub_Category": "Bookcases",
  "Sales": "327.73",
  "Quantity": "2.0",
  "Discount": "0.32",
  "Profit": "-14.46"
}, {
  "Order_ID": "CA-2017-135692",
  "Order_Date": "2017-04-27",
  "Customer_ID": "CV-12805",
  "State": "Texas",
  "Region": "Central",
  "Category": "Furniture",
  "Sub_Category": "Bookcases",
  "Sales": "220.27",
  "Quantity": "4.0",
  "Discount": "0.32",
  "Profit": "-42.11"
}, {
  "Order_ID": "CA-2014-166863",
  "Order_Date": "2014-06-20",
  "Customer_ID": "SC-20020",
  "State": "Texas",
  "Region": "Central",
  "Category": "Furniture",
  "Sub_Category": "Bookcases",
  "Sales": "193.07",
  "Quantity": "4.0",
  "Discount": "0.32",
  "Profit": "-19.87"
}, {
  "Order_ID": "CA-2016-162082",
  "Order_Date": "2016-03-14",
  "Customer_ID": "JS-15880",
  "State": "Texas",
  "Region": "Central",
  "Category": "Furniture",
  "Sub_Category": "Bookcases",
  "Sales": "241.33",
  "Quantity": "5.0",
  "Discount": "0.32",
  "Profit": "-14.2"
}, {
  "Order_ID": "CA-2016-145303",
  "Order_Date": "2016-08-28",
  "Customer_ID": "TP-21415",
  "State": "Texas",
  "Region": "Central",
  "Category": "Furniture",
  "Sub_Category": "Bookcases",
  "Sales": "156.37",
  "Quantity": "2.0",
  "Discount": "0.32",
  "Profit": "-52.89"
}, {
  "Order_ID": "CA-2015-105690",
  "Order_Date": "2015-11-21",
  "Customer_ID": "CA-11965",
  "State": "Texas",
  "Region": "Central",
  "Category": "Furniture",
  "Sub_Category": "Bookcases",
  "Sales": "246.13",
  "Quantity": "2.0",
  "Discount": "0.32",
  "Profit": "-76.01"
}, {
  "Order_ID": "US-2017-133200",
  "Order_Date": "2017-05-06",
  "Customer_ID": "DB-13555",
  "State": "Texas",
  "Region": "Central",
  "Category": "Furniture",
  "Sub_Category": "Bookcases",
  "Sales": "623.46",
  "Quantity": "7.0",
  "Discount": "0.32",
  "Profit": "-119.19"
}, {
  "Order_ID": "CA-2017-106432",
  "Order_Date": "2017-10-19",
  "Customer_ID": "CA-12265",
  "State": "Texas",
  "Region": "Central",
  "Category": "Furniture",
  "Sub_Category": "Bookcases",
  "Sales": "328.4",
  "Quantity": "3.0",
  "Discount": "0.32",
  "Profit": "-91.76"
}, {
  "Order_ID": "US-2014-159618",
  "Order_Date": "2014-11-12",
  "Customer_ID": "DB-12970",
  "State": "Texas",
  "Region": "Central",
  "Category": "Furniture",
  "Sub_Category": "Bookcases",
  "Sales": "67.99",
  "Quantity": "1.0",
  "Discount": "0.32",
  "Profit": "-13.0"
}, {
  "Order_ID": "CA-2017-113873",
  "Order_Date": "2017-11-13",
  "Customer_ID": "KE-16420",
  "State": "Texas",
  "Region": "Central",
  "Category": "Furniture",
  "Sub_Category": "Bookcases",
  "Sales": "206.0",
  "Quantity": "3.0",
  "Discount": "0.32",
  "Profit": "-27.26"
}, {
  "Order_ID": "CA-2017-159149",
  "Order_Date": "2017-02-17",
  "Customer_ID": "CR-12820",
  "State": "Texas",
  "Region": "Central",
  "Category": "Furniture",
  "Sub_Category": "Bookcases",
  "Sales": "89.07",
  "Quantity": "1.0",
  "Discount": "0.32",
  "Profit": "-17.03"
}, {
  "Order_ID": "CA-2015-133585",
  "Order_Date": "2015-03-01",
  "Customer_ID": "CM-12715",
  "State": "Texas",
  "Region": "Central",
  "Category": "Furniture",
  "Sub_Category": "Bookcases",
  "Sales": "1228.0",
  "Quantity": "6.0",
  "Discount": "0.32",
  "Profit": "-36.12"
}, {
  "Order_ID": "CA-2016-164770",
  "Order_Date": "2016-12-02",
  "Customer_ID": "MY-18295",
  "State": "Texas",
  "Region": "Central",
  "Category": "Furniture",
  "Sub_Category": "Bookcases",
  "Sales": "781.86",
  "Quantity": "10.0",
  "Discount": "0.32",
  "Profit": "-137.98"
}, {
  "Order_ID": "CA-2017-142461",
  "Order_Date": "2017-05-30",
  "Customer_ID": "KT-16480",
  "State": "Texas",
  "Region": "Central",
  "Category": "Furniture",
  "Sub_Category": "Bookcases",
  "Sales": "204.67",
  "Quantity": "1.0",
  "Discount": "0.32",
  "Profit": "-6.02"
}, {
  "Order_ID": "CA-2015-135251",
  "Order_Date": "2015-08-06",
  "Customer_ID": "RP-19270",
  "State": "Texas",
  "Region": "Central",
  "Category": "Furniture",
  "Sub_Category": "Bookcases",
  "Sales": "369.2",
  "Quantity": "3.0",
  "Discount": "0.32",
  "Profit": "-114.02"
}, {
  "Order_ID": "CA-2017-137449",
  "Order_Date": "2017-06-29",
  "Customer_ID": "ME-17725",
  "State": "Texas",
  "Region": "Central",
  "Category": "Furniture",
  "Sub_Category": "Bookcases",
  "Sales": "410.0",
  "Quantity": "3.0",
  "Discount": "0.32",
  "Profit": "-96.47"
}, {
  "Order_ID": "CA-2015-130183",
  "Order_Date": "2015-11-13",
  "Customer_ID": "PO-18850",
  "State": "Texas",
  "Region": "Central",
  "Category": "Furniture",
  "Sub_Category": "Bookcases",
  "Sales": "614.0",
  "Quantity": "3.0",
  "Discount": "0.32",
  "Profit": "-18.06"
}, {
  "Order_ID": "CA-2017-144491",
  "Order_Date": "2017-03-27",
  "Customer_ID": "CJ-12010",
  "State": "Texas",
  "Region": "Central",
  "Category": "Furniture",
  "Sub_Category": "Bookcases",
  "Sales": "1023.33",
  "Quantity": "5.0",
  "Discount": "0.32",
  "Profit": "-30.1"
}, {
  "Order_ID": "CA-2015-168088",
  "Order_Date": "2015-03-19",
  "Customer_ID": "CM-12655",
  "State": "Texas",
  "Region": "Central",
  "Category": "Furniture",
  "Sub_Category": "Bookcases",
  "Sales": "383.47",
  "Quantity": "4.0",
  "Discount": "0.32",
  "Profit": "-67.67"
}, {
  "Order_ID": "CA-2015-117415",
  "Order_Date": "2015-12-27",
  "Customer_ID": "SN-20710",
  "State": "Texas",
  "Region": "Central",
  "Category": "Office Supplies",
  "Sub_Category": "Envelopes",
  "Sales": "113.33",
  "Quantity": "9.0",
  "Discount": "0.2",
  "Profit": "35.42"
}, {
  "Order_ID": "CA-2017-144113",
  "Order_Date": "2017-09-16",
  "Customer_ID": "JF-15355",
  "State": "Texas",
  "Region": "Central",
  "Category": "Office Supplies",
  "Sub_Category": "Envelopes",
  "Sales": "17.57",
  "Quantity": "2.0",
  "Discount": "0.2",
  "Profit": "6.37"
}, {
  "Order_ID": "CA-2016-140634",
  "Order_Date": "2016-10-03",
  "Customer_ID": "HL-15040",
  "State": "Texas",
  "Region": "Central",
  "Category": "Office Supplies",
  "Sub_Category": "Envelopes",
  "Sales": "15.65",
  "Quantity": "2.0",
  "Discount": "0.2",
  "Profit": "5.09"
}, {
  "Order_ID": "CA-2016-165218",
  "Order_Date": "2016-03-05",
  "Customer_ID": "RW-19630",
  "State": "Texas",
  "Region": "Central",
  "Category": "Office Supplies",
  "Sub_Category": "Envelopes",
  "Sales": "149.35",
  "Quantity": "3.0",
  "Discount": "0.2",
  "Profit": "50.41"
}, {
  "Order_ID": "CA-2017-100314",
  "Order_Date": "2017-09-29",
  "Customer_ID": "AS-10630",
  "State": "Texas",
  "Region": "Central",
  "Category": "Office Supplies",
  "Sub_Category": "Envelopes",
  "Sales": "27.97",
  "Quantity": "4.0",
  "Discount": "0.2",
  "Profit": "9.44"
}, {
  "Order_ID": "US-2016-110156",
  "Order_Date": "2016-11-19",
  "Customer_ID": "EH-13945",
  "State": "Texas",
  "Region": "Central",
  "Category": "Office Supplies",
  "Sub_Category": "Envelopes",
  "Sales": "40.97",
  "Quantity": "3.0",
  "Discount": "0.2",
  "Profit": "13.83"
}, {
  "Order_ID": "CA-2014-128888",
  "Order_Date": "2014-11-15",
  "Customer_ID": "PB-19105",
  "State": "Texas",
  "Region": "Central",
  "Category": "Office Supplies",
  "Sub_Category": "Envelopes",
  "Sales": "604.66",
  "Quantity": "9.0",
  "Discount": "0.2",
  "Profit": "204.07"
}, {
  "Order_ID": "CA-2015-121041",
  "Order_Date": "2015-11-03",
  "Customer_ID": "CS-12250",
  "State": "Texas",
  "Region": "Central",
  "Category": "Office Supplies",
  "Sub_Category": "Envelopes",
  "Sales": "6.61",
  "Quantity": "2.0",
  "Discount": "0.2",
  "Profit": "2.15"
}, {
  "Order_ID": "US-2014-112914",
  "Order_Date": "2014-09-25",
  "Customer_ID": "MT-18070",
  "State": "Texas",
  "Region": "Central",
  "Category": "Office Supplies",
  "Sub_Category": "Envelopes",
  "Sales": "3.26",
  "Quantity": "2.0",
  "Discount": "0.2",
  "Profit": "1.1"
}, {
  "Order_ID": "CA-2017-164168",
  "Order_Date": "2017-11-12",
  "Customer_ID": "LS-16975",
  "State": "Texas",
  "Region": "Central",
  "Category": "Office Supplies",
  "Sub_Category": "Envelopes",
  "Sales": "12.22",
  "Quantity": "2.0",
  "Discount": "0.2",
  "Profit": "4.43"
}, {
  "Order_ID": "CA-2014-123498",
  "Order_Date": "2014-11-07",
  "Customer_ID": "TC-20980",
  "State": "Texas",
  "Region": "Central",
  "Category": "Office Supplies",
  "Sub_Category": "Envelopes",
  "Sales": "74.35",
  "Quantity": "3.0",
  "Discount": "0.2",
  "Profit": "26.95"
}, {
  "Order_ID": "US-2017-108245",
  "Order_Date": "2017-09-22",
  "Customer_ID": "SH-19975",
  "State": "Texas",
  "Region": "Central",
  "Category": "Office Supplies",
  "Sub_Category": "Envelopes",
  "Sales": "13.39",
  "Quantity": "3.0",
  "Discount": "0.2",
  "Profit": "5.02"
}, {
  "Order_ID": "CA-2014-104738",
  "Order_Date": "2014-12-30",
  "Customer_ID": "SP-20620",
  "State": "Texas",
  "Region": "Central",
  "Category": "Office Supplies",
  "Sub_Category": "Envelopes",
  "Sales": "12.98",
  "Quantity": "3.0",
  "Discount": "0.2",
  "Profit": "4.71"
}, {
  "Order_ID": "CA-2015-118955",
  "Order_Date": "2015-06-16",
  "Customer_ID": "LS-17230",
  "State": "Texas",
  "Region": "Central",
  "Category": "Office Supplies",
  "Sub_Category": "Envelopes",
  "Sales": "28.75",
  "Quantity": "3.0",
  "Discount": "0.2",
  "Profit": "9.34"
}, {
  "Order_ID": "CA-2016-145730",
  "Order_Date": "2016-03-03",
  "Customer_ID": "CC-12220",
  "State": "Texas",
  "Region": "Central",
  "Category": "Office Supplies",
  "Sub_Category": "Envelopes",
  "Sales": "36.6",
  "Quantity": "3.0",
  "Discount": "0.2",
  "Profit": "11.9"
}, {
  "Order_ID": "CA-2016-121601",
  "Order_Date": "2016-10-04",
  "Customer_ID": "MO-17500",
  "State": "Texas",
  "Region": "Central",
  "Category": "Office Supplies",
  "Sub_Category": "Envelopes",
  "Sales": "59.75",
  "Quantity": "7.0",
  "Discount": "0.2",
  "Profit": "19.42"
}, {
  "Order_ID": "CA-2014-127383",
  "Order_Date": "2014-12-31",
  "Customer_ID": "CM-11815",
  "State": "Texas",
  "Region": "Central",
  "Category": "Office Supplies",
  "Sub_Category": "Envelopes",
  "Sales": "49.57",
  "Quantity": "2.0",
  "Discount": "0.2",
  "Profit": "17.97"
}, {
  "Order_ID": "US-2014-168501",
  "Order_Date": "2014-11-21",
  "Customer_ID": "JK-15325",
  "State": "Texas",
  "Region": "Central",
  "Category": "Office Supplies",
  "Sub_Category": "Envelopes",
  "Sales": "1.63",
  "Quantity": "1.0",
  "Discount": "0.2",
  "Profit": "0.55"
}, {
  "Order_ID": "CA-2016-128307",
  "Order_Date": "2016-07-25",
  "Customer_ID": "BE-11335",
  "State": "Texas",
  "Region": "Central",
  "Category": "Office Supplies",
  "Sub_Category": "Envelopes",
  "Sales": "20.94",
  "Quantity": "1.0",
  "Discount": "0.2",
  "Profit": "7.07"
}, {
  "Order_ID": "CA-2017-127922",
  "Order_Date": "2017-10-27",
  "Customer_ID": "SH-19975",
  "State": "Texas",
  "Region": "Central",
  "Category": "Office Supplies",
  "Sub_Category": "Envelopes",
  "Sales": "15.84",
  "Quantity": "2.0",
  "Discount": "0.2",
  "Profit": "5.54"
}, {
  "Order_ID": "CA-2014-130869",
  "Order_Date": "2014-11-17",
  "Customer_ID": "CB-12025",
  "State": "Texas",
  "Region": "Central",
  "Category": "Office Supplies",
  "Sub_Category": "Envelopes",
  "Sales": "7.08",
  "Quantity": "3.0",
  "Discount": "0.2",
  "Profit": "2.48"
}, {
  "Order_ID": "CA-2014-100678",
  "Order_Date": "2014-04-18",
  "Customer_ID": "KM-16720",
  "State": "Texas",
  "Region": "Central",
  "Category": "Office Supplies",
  "Sub_Category": "Envelopes",
  "Sales": "149.35",
  "Quantity": "3.0",
  "Discount": "0.2",
  "Profit": "50.41"
}, {
  "Order_ID": "CA-2014-162089",
  "Order_Date": "2014-03-30",
  "Customer_ID": "MP-17470",
  "State": "Texas",
  "Region": "Central",
  "Category": "Office Supplies",
  "Sub_Category": "Envelopes",
  "Sales": "335.72",
  "Quantity": "5.0",
  "Discount": "0.2",
  "Profit": "113.31"
}, {
  "Order_ID": "CA-2017-140508",
  "Order_Date": "2017-09-18",
  "Customer_ID": "PA-19060",
  "State": "Texas",
  "Region": "Central",
  "Category": "Office Supplies",
  "Sub_Category": "Envelopes",
  "Sales": "114.85",
  "Quantity": "4.0",
  "Discount": "0.2",
  "Profit": "35.89"
}, {
  "Order_ID": "US-2015-118766",
  "Order_Date": "2015-10-15",
  "Customer_ID": "LS-16975",
  "State": "Texas",
  "Region": "Central",
  "Category": "Office Supplies",
  "Sub_Category": "Envelopes",
  "Sales": "4.46",
  "Quantity": "1.0",
  "Discount": "0.2",
  "Profit": "1.67"
}, {
  "Order_ID": "CA-2014-129189",
  "Order_Date": "2014-07-21",
  "Customer_ID": "HM-14860",
  "State": "Texas",
  "Region": "Central",
  "Category": "Office Supplies",
  "Sub_Category": "Envelopes",
  "Sales": "87.92",
  "Quantity": "5.0",
  "Discount": "0.2",
  "Profit": "29.67"
}, {
  "Order_ID": "CA-2015-162964",
  "Order_Date": "2015-11-12",
  "Customer_ID": "MF-18250",
  "State": "Texas",
  "Region": "Central",
  "Category": "Office Supplies",
  "Sub_Category": "Envelopes",
  "Sales": "223.89",
  "Quantity": "7.0",
  "Discount": "0.2",
  "Profit": "69.97"
}, {
  "Order_ID": "CA-2016-130400",
  "Order_Date": "2016-03-08",
  "Customer_ID": "SJ-20125",
  "State": "Texas",
  "Region": "Central",
  "Category": "Office Supplies",
  "Sub_Category": "Envelopes",
  "Sales": "146.35",
  "Quantity": "3.0",
  "Discount": "0.2",
  "Profit": "49.39"
}, {
  "Order_ID": "CA-2014-127166",
  "Order_Date": "2014-05-21",
  "Customer_ID": "KH-16360",
  "State": "Texas",
  "Region": "Central",
  "Category": "Office Supplies",
  "Sub_Category": "Envelopes",
  "Sales": "56.06",
  "Quantity": "6.0",
  "Discount": "0.2",
  "Profit": "21.02"
}, {
  "Order_ID": "CA-2016-130225",
  "Order_Date": "2016-09-11",
  "Customer_ID": "RC-19960",
  "State": "Texas",
  "Region": "Central",
  "Category": "Office Supplies",
  "Sub_Category": "Envelopes",
  "Sales": "99.57",
  "Quantity": "2.0",
  "Discount": "0.2",
  "Profit": "33.6"
}, {
  "Order_ID": "CA-2017-101945",
  "Order_Date": "2017-11-24",
  "Customer_ID": "GT-14710",
  "State": "Texas",
  "Region": "Central",
  "Category": "Office Supplies",
  "Sub_Category": "Fasteners",
  "Sales": "10.82",
  "Quantity": "3.0",
  "Discount": "0.2",
  "Profit": "2.57"
}, {
  "Order_ID": "US-2016-110156",
  "Order_Date": "2016-11-19",
  "Customer_ID": "EH-13945",
  "State": "Texas",
  "Region": "Central",
  "Category": "Office Supplies",
  "Sub_Category": "Fasteners",
  "Sales": "58.37",
  "Quantity": "12.0",
  "Discount": "0.2",
  "Profit": "21.89"
}, {
  "Order_ID": "US-2016-132423",
  "Order_Date": "2016-04-15",
  "Customer_ID": "MY-18295",
  "State": "Texas",
  "Region": "Central",
  "Category": "Office Supplies",
  "Sub_Category": "Fasteners",
  "Sales": "8.04",
  "Quantity": "5.0",
  "Discount": "0.2",
  "Profit": "2.91"
}, {
  "Order_ID": "CA-2016-128531",
  "Order_Date": "2016-11-24",
  "Customer_ID": "NS-18505",
  "State": "Texas",
  "Region": "Central",
  "Category": "Office Supplies",
  "Sub_Category": "Fasteners",
  "Sales": "4.34",
  "Quantity": "3.0",
  "Discount": "0.2",
  "Profit": "0.87"
}, {
  "Order_ID": "CA-2016-121034",
  "Order_Date": "2016-08-08",
  "Customer_ID": "JF-15565",
  "State": "Texas",
  "Region": "Central",
  "Category": "Office Supplies",
  "Sub_Category": "Fasteners",
  "Sales": "11.17",
  "Quantity": "4.0",
  "Discount": "0.2",
  "Profit": "3.63"
}, {
  "Order_ID": "CA-2017-130771",
  "Order_Date": "2017-07-29",
  "Customer_ID": "LA-16780",
  "State": "Texas",
  "Region": "Central",
  "Category": "Office Supplies",
  "Sub_Category": "Fasteners",
  "Sales": "2.9",
  "Quantity": "2.0",
  "Discount": "0.2",
  "Profit": "0.47"
}, {
  "Order_ID": "CA-2017-134285",
  "Order_Date": "2017-12-07",
  "Customer_ID": "DS-13180",
  "State": "Texas",
  "Region": "Central",
  "Category": "Office Supplies",
  "Sub_Category": "Fasteners",
  "Sales": "3.55",
  "Quantity": "3.0",
  "Discount": "0.2",
  "Profit": "1.24"
}, {
  "Order_ID": "CA-2017-102267",
  "Order_Date": "2017-11-30",
  "Customer_ID": "SC-20800",
  "State": "Texas",
  "Region": "Central",
  "Category": "Office Supplies",
  "Sub_Category": "Fasteners",
  "Sales": "2.37",
  "Quantity": "2.0",
  "Discount": "0.2",
  "Profit": "0.83"
}, {
  "Order_ID": "CA-2014-116757",
  "Order_Date": "2014-06-30",
  "Customer_ID": "MS-17980",
  "State": "Texas",
  "Region": "Central",
  "Category": "Office Supplies",
  "Sub_Category": "Fasteners",
  "Sales": "21.31",
  "Quantity": "6.0",
  "Discount": "0.2",
  "Profit": "7.19"
}, {
  "Order_ID": "CA-2016-144540",
  "Order_Date": "2016-09-05",
  "Customer_ID": "GH-14410",
  "State": "Texas",
  "Region": "Central",
  "Category": "Office Supplies",
  "Sub_Category": "Fasteners",
  "Sales": "28.44",
  "Quantity": "9.0",
  "Discount": "0.2",
  "Profit": "4.27"
}, {
  "Order_ID": "CA-2017-164042",
  "Order_Date": "2017-05-23",
  "Customer_ID": "KL-16645",
  "State": "Texas",
  "Region": "Central",
  "Category": "Office Supplies",
  "Sub_Category": "Fasteners",
  "Sales": "1.82",
  "Quantity": "2.0",
  "Discount": "0.2",
  "Profit": "0.62"
}, {
  "Order_ID": "CA-2015-127607",
  "Order_Date": "2015-03-20",
  "Customer_ID": "JK-15730",
  "State": "Texas",
  "Region": "Central",
  "Category": "Office Supplies",
  "Sub_Category": "Fasteners",
  "Sales": "18.86",
  "Quantity": "9.0",
  "Discount": "0.2",
  "Profit": "6.13"
}, {
  "Order_ID": "CA-2016-103982",
  "Order_Date": "2016-03-03",
  "Customer_ID": "AA-10315",
  "State": "Texas",
  "Region": "Central",
  "Category": "Office Supplies",
  "Sub_Category": "Fasteners",
  "Sales": "2.3",
  "Quantity": "1.0",
  "Discount": "0.2",
  "Profit": "0.78"
}, {
  "Order_ID": "CA-2016-149195",
  "Order_Date": "2016-09-05",
  "Customer_ID": "DM-13525",
  "State": "Texas",
  "Region": "Central",
  "Category": "Office Supplies",
  "Sub_Category": "Fasteners",
  "Sales": "15.81",
  "Quantity": "8.0",
  "Discount": "0.2",
  "Profit": "5.34"
}, {
  "Order_ID": "CA-2015-120901",
  "Order_Date": "2015-12-31",
  "Customer_ID": "BG-11035",
  "State": "Texas",
  "Region": "Central",
  "Category": "Office Supplies",
  "Sub_Category": "Fasteners",
  "Sales": "3.49",
  "Quantity": "2.0",
  "Discount": "0.2",
  "Profit": "0.57"
}, {
  "Order_ID": "CA-2016-133697",
  "Order_Date": "2016-10-20",
  "Customer_ID": "CM-12445",
  "State": "Texas",
  "Region": "Central",
  "Category": "Office Supplies",
  "Sub_Category": "Fasteners",
  "Sales": "25.25",
  "Quantity": "4.0",
  "Discount": "0.2",
  "Profit": "7.89"
}, {
  "Order_ID": "US-2017-124779",
  "Order_Date": "2017-09-08",
  "Customer_ID": "BF-11020",
  "State": "Texas",
  "Region": "Central",
  "Category": "Office Supplies",
  "Sub_Category": "Fasteners",
  "Sales": "45.92",
  "Quantity": "5.0",
  "Discount": "0.2",
  "Profit": "15.5"
}, {
  "Order_ID": "CA-2014-111899",
  "Order_Date": "2014-05-04",
  "Customer_ID": "NC-18340",
  "State": "Texas",
  "Region": "Central",
  "Category": "Office Supplies",
  "Sub_Category": "Fasteners",
  "Sales": "5.47",
  "Quantity": "6.0",
  "Discount": "0.2",
  "Profit": "1.85"
}, {
  "Order_ID": "CA-2014-131009",
  "Order_Date": "2014-03-01",
  "Customer_ID": "SC-20380",
  "State": "Texas",
  "Region": "Central",
  "Category": "Office Supplies",
  "Sub_Category": "Fasteners",
  "Sales": "18.84",
  "Quantity": "5.0",
  "Discount": "0.2",
  "Profit": "-3.53"
}, {
  "Order_ID": "CA-2014-120775",
  "Order_Date": "2014-10-03",
  "Customer_ID": "RD-19930",
  "State": "Texas",
  "Region": "Central",
  "Category": "Office Supplies",
  "Sub_Category": "Fasteners",
  "Sales": "4.34",
  "Quantity": "3.0",
  "Discount": "0.2",
  "Profit": "0.87"
}, {
  "Order_ID": "CA-2014-120775",
  "Order_Date": "2014-10-03",
  "Customer_ID": "RD-19930",
  "State": "Texas",
  "Region": "Central",
  "Category": "Office Supplies",
  "Sub_Category": "Fasteners",
  "Sales": "15.07",
  "Quantity": "4.0",
  "Discount": "0.2",
  "Profit": "-3.77"
}, {
  "Order_ID": "CA-2014-161508",
  "Order_Date": "2014-07-12",
  "Customer_ID": "PV-18985",
  "State": "Texas",
  "Region": "Central",
  "Category": "Office Supplies",
  "Sub_Category": "Fasteners",
  "Sales": "3.49",
  "Quantity": "2.0",
  "Discount": "0.2",
  "Profit": "0.57"
}, {
  "Order_ID": "US-2014-127635",
  "Order_Date": "2014-09-14",
  "Customer_ID": "SC-20260",
  "State": "Texas",
  "Region": "Central",
  "Category": "Office Supplies",
  "Sub_Category": "Fasteners",
  "Sales": "6.05",
  "Quantity": "4.0",
  "Discount": "0.2",
  "Profit": "-1.36"
}, {
  "Order_ID": "CA-2015-121132",
  "Order_Date": "2015-07-17",
  "Customer_ID": "VB-21745",
  "State": "Texas",
  "Region": "Central",
  "Category": "Office Supplies",
  "Sub_Category": "Fasteners",
  "Sales": "14.43",
  "Quantity": "4.0",
  "Discount": "0.2",
  "Profit": "3.43"
}, {
  "Order_ID": "US-2015-118983",
  "Order_Date": "2015-11-22",
  "Customer_ID": "HP-14815",
  "State": "Texas",
  "Region": "Central",
  "Category": "Office Supplies",
  "Sub_Category": "Appliances",
  "Sales": "68.81",
  "Quantity": "5.0",
  "Discount": "0.8",
  "Profit": "-123.86"
}, {
  "Order_ID": "CA-2014-139892",
  "Order_Date": "2014-09-08",
  "Customer_ID": "BM-11140",
  "State": "Texas",
  "Region": "Central",
  "Category": "Office Supplies",
  "Sub_Category": "Appliances",
  "Sales": "177.98",
  "Quantity": "5.0",
  "Discount": "0.8",
  "Profit": "-453.85"
}, {
  "Order_ID": "US-2017-152366",
  "Order_Date": "2017-04-21",
  "Customer_ID": "SJ-20500",
  "State": "Texas",
  "Region": "Central",
  "Category": "Office Supplies",
  "Sub_Category": "Appliances",
  "Sales": "97.26",
  "Quantity": "4.0",
  "Discount": "0.8",
  "Profit": "-243.16"
}, {
  "Order_ID": "US-2017-116701",
  "Order_Date": "2017-12-17",
  "Customer_ID": "LC-17140",
  "State": "Texas",
  "Region": "Central",
  "Category": "Office Supplies",
  "Sub_Category": "Appliances",
  "Sales": "66.28",
  "Quantity": "2.0",
  "Discount": "0.8",
  "Profit": "-178.97"
}, {
  "Order_ID": "US-2017-155299",
  "Order_Date": "2017-06-08",
  "Customer_ID": "Dl-13600",
  "State": "Texas",
  "Region": "Central",
  "Category": "Office Supplies",
  "Sub_Category": "Appliances",
  "Sales": "1.62",
  "Quantity": "2.0",
  "Discount": "0.8",
  "Profit": "-4.47"
}, {
  "Order_ID": "CA-2015-130792",
  "Order_Date": "2015-04-28",
  "Customer_ID": "RA-19915",
  "State": "Texas",
  "Region": "Central",
  "Category": "Office Supplies",
  "Sub_Category": "Appliances",
  "Sales": "8.65",
  "Quantity": "3.0",
  "Discount": "0.8",
  "Profit": "-20.33"
}, {
  "Order_ID": "US-2017-119438",
  "Order_Date": "2017-03-18",
  "Customer_ID": "CD-11980",
  "State": "Texas",
  "Region": "Central",
  "Category": "Office Supplies",
  "Sub_Category": "Appliances",
  "Sales": "2.69",
  "Quantity": "3.0",
  "Discount": "0.8",
  "Profit": "-7.39"
}, {
  "Order_ID": "CA-2014-122567",
  "Order_Date": "2014-02-16",
  "Customer_ID": "MN-17935",
  "State": "Texas",
  "Region": "Central",
  "Category": "Office Supplies",
  "Sub_Category": "Appliances",
  "Sales": "7.96",
  "Quantity": "2.0",
  "Discount": "0.8",
  "Profit": "-13.93"
}, {
  "Order_ID": "US-2017-124926",
  "Order_Date": "2017-11-13",
  "Customer_ID": "ME-17320",
  "State": "Texas",
  "Region": "Central",
  "Category": "Office Supplies",
  "Sub_Category": "Appliances",
  "Sales": "9.32",
  "Quantity": "6.0",
  "Discount": "0.8",
  "Profit": "-24.71"
}, {
  "Order_ID": "US-2017-147221",
  "Order_Date": "2017-12-02",
  "Customer_ID": "JS-16030",
  "State": "Texas",
  "Region": "Central",
  "Category": "Office Supplies",
  "Sub_Category": "Appliances",
  "Sales": "294.62",
  "Quantity": "5.0",
  "Discount": "0.8",
  "Profit": "-766.01"
}, {
  "Order_ID": "CA-2015-120397",
  "Order_Date": "2015-07-02",
  "Customer_ID": "RB-19435",
  "State": "Texas",
  "Region": "Central",
  "Category": "Office Supplies",
  "Sub_Category": "Appliances",
  "Sales": "32.78",
  "Quantity": "4.0",
  "Discount": "0.8",
  "Profit": "-85.24"
}, {
  "Order_ID": "US-2015-122140",
  "Order_Date": "2015-04-02",
  "Customer_ID": "MO-17950",
  "State": "Texas",
  "Region": "Central",
  "Category": "Office Supplies",
  "Sub_Category": "Appliances",
  "Sales": "32.19",
  "Quantity": "2.0",
  "Discount": "0.8",
  "Profit": "-80.48"
}, {
  "Order_ID": "CA-2017-118773",
  "Order_Date": "2017-02-09",
  "Customer_ID": "TP-21415",
  "State": "Texas",
  "Region": "Central",
  "Category": "Office Supplies",
  "Sub_Category": "Appliances",
  "Sales": "12.99",
  "Quantity": "2.0",
  "Discount": "0.8",
  "Profit": "-32.48"
}, {
  "Order_ID": "CA-2017-121216",
  "Order_Date": "2017-12-23",
  "Customer_ID": "MM-17920",
  "State": "Texas",
  "Region": "Central",
  "Category": "Office Supplies",
  "Sub_Category": "Appliances",
  "Sales": "29.31",
  "Quantity": "8.0",
  "Discount": "0.8",
  "Profit": "-74.75"
}, {
  "Order_ID": "CA-2014-120544",
  "Order_Date": "2014-11-23",
  "Customer_ID": "SS-20140",
  "State": "Texas",
  "Region": "Central",
  "Category": "Office Supplies",
  "Sub_Category": "Appliances",
  "Sales": "34.18",
  "Quantity": "3.0",
  "Discount": "0.8",
  "Profit": "-87.15"
}, {
  "Order_ID": "US-2017-102288",
  "Order_Date": "2017-06-19",
  "Customer_ID": "ZC-21910",
  "State": "Texas",
  "Region": "Central",
  "Category": "Office Supplies",
  "Sub_Category": "Appliances",
  "Sales": "2.26",
  "Quantity": "1.0",
  "Discount": "0.8",
  "Profit": "-5.21"
}, {
  "Order_ID": "US-2017-102288",
  "Order_Date": "2017-06-19",
  "Customer_ID": "ZC-21910",
  "State": "Texas",
  "Region": "Central",
  "Category": "Office Supplies",
  "Sub_Category": "Appliances",
  "Sales": "0.44",
  "Quantity": "1.0",
  "Discount": "0.8",
  "Profit": "-1.11"
}, {
  "Order_ID": "CA-2015-123456",
  "Order_Date": "2015-07-09",
  "Customer_ID": "KN-16450",
  "State": "Texas",
  "Region": "Central",
  "Category": "Office Supplies",
  "Sub_Category": "Appliances",
  "Sales": "48.63",
  "Quantity": "2.0",
  "Discount": "0.8",
  "Profit": "-121.58"
}, {
  "Order_ID": "CA-2016-144540",
  "Order_Date": "2016-09-05",
  "Customer_ID": "GH-14410",
  "State": "Texas",
  "Region": "Central",
  "Category": "Office Supplies",
  "Sub_Category": "Appliances",
  "Sales": "62.79",
  "Quantity": "3.0",
  "Discount": "0.8",
  "Profit": "-166.39"
}, {
  "Order_ID": "CA-2016-166240",
  "Order_Date": "2016-06-24",
  "Customer_ID": "DH-13075",
  "State": "Texas",
  "Region": "Central",
  "Category": "Office Supplies",
  "Sub_Category": "Appliances",
  "Sales": "8.71",
  "Quantity": "2.0",
  "Discount": "0.8",
  "Profit": "-19.6"
}, {
  "Order_ID": "CA-2015-140025",
  "Order_Date": "2015-04-07",
  "Customer_ID": "PF-19120",
  "State": "Texas",
  "Region": "Central",
  "Category": "Office Supplies",
  "Sub_Category": "Appliances",
  "Sales": "463.25",
  "Quantity": "8.0",
  "Discount": "0.8",
  "Profit": "-1181.28"
}, {
  "Order_ID": "CA-2017-164042",
  "Order_Date": "2017-05-23",
  "Customer_ID": "KL-16645",
  "State": "Texas",
  "Region": "Central",
  "Category": "Office Supplies",
  "Sub_Category": "Appliances",
  "Sales": "18.32",
  "Quantity": "5.0",
  "Discount": "0.8",
  "Profit": "-46.72"
}, {
  "Order_ID": "CA-2014-163748",
  "Order_Date": "2014-10-14",
  "Customer_ID": "HG-15025",
  "State": "Texas",
  "Region": "Central",
  "Category": "Office Supplies",
  "Sub_Category": "Appliances",
  "Sales": "3.16",
  "Quantity": "4.0",
  "Discount": "0.8",
  "Profit": "-8.53"
}, {
  "Order_ID": "US-2015-155369",
  "Order_Date": "2015-04-19",
  "Customer_ID": "PG-18820",
  "State": "Texas",
  "Region": "Central",
  "Category": "Office Supplies",
  "Sub_Category": "Appliances",
  "Sales": "19.57",
  "Quantity": "2.0",
  "Discount": "0.8",
  "Profit": "-52.83"
}, {
  "Order_ID": "CA-2014-120852",
  "Order_Date": "2014-12-20",
  "Customer_ID": "WB-21850",
  "State": "Texas",
  "Region": "Central",
  "Category": "Office Supplies",
  "Sub_Category": "Appliances",
  "Sales": "19.43",
  "Quantity": "2.0",
  "Discount": "0.8",
  "Profit": "-49.55"
}, {
  "Order_ID": "CA-2015-105613",
  "Order_Date": "2015-10-18",
  "Customer_ID": "KN-16705",
  "State": "Texas",
  "Region": "Central",
  "Category": "Office Supplies",
  "Sub_Category": "Appliances",
  "Sales": "73.16",
  "Quantity": "6.0",
  "Discount": "0.8",
  "Profit": "-186.57"
}, {
  "Order_ID": "CA-2017-144680",
  "Order_Date": "2017-03-31",
  "Customer_ID": "SC-20260",
  "State": "Texas",
  "Region": "Central",
  "Category": "Office Supplies",
  "Sub_Category": "Appliances",
  "Sales": "33.62",
  "Quantity": "5.0",
  "Discount": "0.8",
  "Profit": "-90.77"
}, {
  "Order_ID": "CA-2017-165099",
  "Order_Date": "2017-12-11",
  "Customer_ID": "DK-13375",
  "State": "Texas",
  "Region": "Central",
  "Category": "Office Supplies",
  "Sub_Category": "Appliances",
  "Sales": "1.39",
  "Quantity": "2.0",
  "Discount": "0.8",
  "Profit": "-3.76"
}, {
  "Order_ID": "US-2017-141677",
  "Order_Date": "2017-03-26",
  "Customer_ID": "HK-14890",
  "State": "Texas",
  "Region": "Central",
  "Category": "Office Supplies",
  "Sub_Category": "Appliances",
  "Sales": "87.17",
  "Quantity": "8.0",
  "Discount": "0.8",
  "Profit": "-226.64"
}, {
  "Order_ID": "CA-2017-133102",
  "Order_Date": "2017-08-17",
  "Customer_ID": "ED-13885",
  "State": "Texas",
  "Region": "Central",
  "Category": "Office Supplies",
  "Sub_Category": "Appliances",
  "Sales": "38.86",
  "Quantity": "4.0",
  "Discount": "0.8",
  "Profit": "-99.1"
}, {
  "Order_ID": "CA-2014-130421",
  "Order_Date": "2014-03-03",
  "Customer_ID": "SC-20020",
  "State": "Texas",
  "Region": "Central",
  "Category": "Office Supplies",
  "Sub_Category": "Appliances",
  "Sales": "176.77",
  "Quantity": "3.0",
  "Discount": "0.8",
  "Profit": "-459.61"
}, {
  "Order_ID": "US-2017-160836",
  "Order_Date": "2017-09-11",
  "Customer_ID": "CC-12475",
  "State": "Texas",
  "Region": "Central",
  "Category": "Office Supplies",
  "Sub_Category": "Appliances",
  "Sales": "1.56",
  "Quantity": "2.0",
  "Discount": "0.8",
  "Profit": "-4.2"
}, {
  "Order_ID": "CA-2014-129189",
  "Order_Date": "2014-07-21",
  "Customer_ID": "HM-14860",
  "State": "Texas",
  "Region": "Central",
  "Category": "Office Supplies",
  "Sub_Category": "Appliances",
  "Sales": "4.99",
  "Quantity": "3.0",
  "Discount": "0.8",
  "Profit": "-12.98"
}, {
  "Order_ID": "CA-2017-151750",
  "Order_Date": "2017-01-01",
  "Customer_ID": "JM-15250",
  "State": "Texas",
  "Region": "Central",
  "Category": "Office Supplies",
  "Sub_Category": "Appliances",
  "Sales": "15.22",
  "Quantity": "2.0",
  "Discount": "0.8",
  "Profit": "-38.82"
}, {
  "Order_ID": "CA-2016-130393",
  "Order_Date": "2016-12-01",
  "Customer_ID": "JM-15865",
  "State": "Texas",
  "Region": "Central",
  "Category": "Office Supplies",
  "Sub_Category": "Appliances",
  "Sales": "11.65",
  "Quantity": "4.0",
  "Discount": "0.8",
  "Profit": "-30.87"
}, {
  "Order_ID": "CA-2017-147207",
  "Order_Date": "2017-01-02",
  "Customer_ID": "TS-21655",
  "State": "Texas",
  "Region": "Central",
  "Category": "Office Supplies",
  "Sub_Category": "Appliances",
  "Sales": "5.43",
  "Quantity": "2.0",
  "Discount": "0.8",
  "Profit": "-13.58"
}, {
  "Order_ID": "CA-2016-120824",
  "Order_Date": "2016-06-12",
  "Customer_ID": "AW-10930",
  "State": "Texas",
  "Region": "Central",
  "Category": "Office Supplies",
  "Sub_Category": "Appliances",
  "Sales": "64.38",
  "Quantity": "4.0",
  "Discount": "0.8",
  "Profit": "-160.96"
}, {
  "Order_ID": "CA-2015-107083",
  "Order_Date": "2015-11-21",
  "Customer_ID": "BB-11545",
  "State": "Texas",
  "Region": "Central",
  "Category": "Office Supplies",
  "Sub_Category": "Appliances",
  "Sales": "24.59",
  "Quantity": "3.0",
  "Discount": "0.8",
  "Profit": "-67.62"
}, {
  "Order_ID": "US-2016-141264",
  "Order_Date": "2016-08-13",
  "Customer_ID": "CT-11995",
  "State": "Texas",
  "Region": "Central",
  "Category": "Office Supplies",
  "Sub_Category": "Appliances",
  "Sales": "58.92",
  "Quantity": "1.0",
  "Discount": "0.8",
  "Profit": "-153.2"
}, {
  "Order_ID": "US-2016-144057",
  "Order_Date": "2016-05-09",
  "Customer_ID": "CV-12805",
  "State": "Texas",
  "Region": "Central",
  "Category": "Office Supplies",
  "Sub_Category": "Appliances",
  "Sales": "48.78",
  "Quantity": "4.0",
  "Discount": "0.8",
  "Profit": "-131.72"
}, {
  "Order_ID": "CA-2017-150266",
  "Order_Date": "2017-11-25",
  "Customer_ID": "RO-19780",
  "State": "Texas",
  "Region": "Central",
  "Category": "Office Supplies",
  "Sub_Category": "Appliances",
  "Sales": "67.84",
  "Quantity": "5.0",
  "Discount": "0.8",
  "Profit": "-179.78"
}, {
  "Order_ID": "CA-2016-143406",
  "Order_Date": "2016-09-26",
  "Customer_ID": "LR-17035",
  "State": "Texas",
  "Region": "Central",
  "Category": "Office Supplies",
  "Sub_Category": "Appliances",
  "Sales": "93.03",
  "Quantity": "2.0",
  "Discount": "0.8",
  "Profit": "-251.19"
}, {
  "Order_ID": "CA-2017-103765",
  "Order_Date": "2017-11-24",
  "Customer_ID": "JG-15310",
  "State": "Texas",
  "Region": "Central",
  "Category": "Office Supplies",
  "Sub_Category": "Appliances",
  "Sales": "13.76",
  "Quantity": "1.0",
  "Discount": "0.8",
  "Profit": "-24.77"
}, {
  "Order_ID": "CA-2017-152926",
  "Order_Date": "2017-10-02",
  "Customer_ID": "SC-20695",
  "State": "Texas",
  "Region": "Central",
  "Category": "Office Supplies",
  "Sub_Category": "Appliances",
  "Sales": "15.22",
  "Quantity": "2.0",
  "Discount": "0.8",
  "Profit": "-38.82"
}, {
  "Order_ID": "CA-2017-152926",
  "Order_Date": "2017-10-02",
  "Customer_ID": "SC-20695",
  "State": "Texas",
  "Region": "Central",
  "Category": "Office Supplies",
  "Sub_Category": "Appliances",
  "Sales": "21.98",
  "Quantity": "6.0",
  "Discount": "0.8",
  "Profit": "-56.06"
}, {
  "Order_ID": "CA-2017-137449",
  "Order_Date": "2017-06-29",
  "Customer_ID": "ME-17725",
  "State": "Texas",
  "Region": "Central",
  "Category": "Office Supplies",
  "Sub_Category": "Appliances",
  "Sales": "21.39",
  "Quantity": "2.0",
  "Discount": "0.8",
  "Profit": "-54.55"
}, {
  "Order_ID": "CA-2014-169019",
  "Order_Date": "2014-07-26",
  "Customer_ID": "LF-17185",
  "State": "Texas",
  "Region": "Central",
  "Category": "Office Supplies",
  "Sub_Category": "Appliances",
  "Sales": "4.84",
  "Quantity": "2.0",
  "Discount": "0.8",
  "Profit": "-12.09"
}, {
  "Order_ID": "CA-2015-101007",
  "Order_Date": "2015-02-09",
  "Customer_ID": "MS-17980",
  "State": "Texas",
  "Region": "Central",
  "Category": "Technology",
  "Sub_Category": "Accessories",
  "Sales": "20.8",
  "Quantity": "2.0",
  "Discount": "0.2",
  "Profit": "6.5"
}, {
  "Order_ID": "CA-2016-108987",
  "Order_Date": "2016-09-08",
  "Customer_ID": "AG-10675",
  "State": "Texas",
  "Region": "Central",
  "Category": "Technology",
  "Sub_Category": "Accessories",
  "Sales": "57.58",
  "Quantity": "2.0",
  "Discount": "0.2",
  "Profit": "0.72"
}, {
  "Order_ID": "CA-2014-133753",
  "Order_Date": "2014-06-09",
  "Customer_ID": "CW-11905",
  "State": "Texas",
  "Region": "Central",
  "Category": "Technology",
  "Sub_Category": "Accessories",
  "Sales": "63.98",
  "Quantity": "2.0",
  "Discount": "0.2",
  "Profit": "10.4"
}, {
  "Order_ID": "CA-2015-157812",
  "Order_Date": "2015-03-22",
  "Customer_ID": "DB-13210",
  "State": "Texas",
  "Region": "Central",
  "Category": "Technology",
  "Sub_Category": "Accessories",
  "Sales": "18.39",
  "Quantity": "1.0",
  "Discount": "0.2",
  "Profit": "5.29"
}, {
  "Order_ID": "CA-2014-103849",
  "Order_Date": "2014-05-11",
  "Customer_ID": "PG-18895",
  "State": "Texas",
  "Region": "Central",
  "Category": "Technology",
  "Sub_Category": "Accessories",
  "Sales": "58.11",
  "Quantity": "2.0",
  "Discount": "0.2",
  "Profit": "7.26"
}, {
  "Order_ID": "CA-2014-135405",
  "Order_Date": "2014-01-09",
  "Customer_ID": "MS-17830",
  "State": "Texas",
  "Region": "Central",
  "Category": "Technology",
  "Sub_Category": "Accessories",
  "Sales": "31.2",
  "Quantity": "3.0",
  "Discount": "0.2",
  "Profit": "9.75"
}, {
  "Order_ID": "US-2017-119438",
  "Order_Date": "2017-03-18",
  "Customer_ID": "CD-11980",
  "State": "Texas",
  "Region": "Central",
  "Category": "Technology",
  "Sub_Category": "Accessories",
  "Sales": "27.82",
  "Quantity": "3.0",
  "Discount": "0.2",
  "Profit": "4.52"
}, {
  "Order_ID": "CA-2016-168081",
  "Order_Date": "2016-04-24",
  "Customer_ID": "CA-12055",
  "State": "Texas",
  "Region": "Central",
  "Category": "Technology",
  "Sub_Category": "Accessories",
  "Sales": "258.7",
  "Quantity": "3.0",
  "Discount": "0.2",
  "Profit": "64.67"
}, {
  "Order_ID": "CA-2016-130946",
  "Order_Date": "2016-04-08",
  "Customer_ID": "ZC-21910",
  "State": "Texas",
  "Region": "Central",
  "Category": "Technology",
  "Sub_Category": "Accessories",
  "Sales": "431.93",
  "Quantity": "9.0",
  "Discount": "0.2",
  "Profit": "64.79"
}, {
  "Order_ID": "CA-2016-119186",
  "Order_Date": "2016-05-26",
  "Customer_ID": "MS-17710",
  "State": "Texas",
  "Region": "Central",
  "Category": "Technology",
  "Sub_Category": "Accessories",
  "Sales": "63.99",
  "Quantity": "1.0",
  "Discount": "0.2",
  "Profit": "-7.2"
}, {
  "Order_ID": "CA-2015-126697",
  "Order_Date": "2015-09-21",
  "Customer_ID": "SV-20815",
  "State": "Texas",
  "Region": "Central",
  "Category": "Technology",
  "Sub_Category": "Accessories",
  "Sales": "151.2",
  "Quantity": "3.0",
  "Discount": "0.2",
  "Profit": "32.13"
}, {
  "Order_ID": "CA-2015-139731",
  "Order_Date": "2015-10-15",
  "Customer_ID": "JE-15745",
  "State": "Texas",
  "Region": "Central",
  "Category": "Technology",
  "Sub_Category": "Accessories",
  "Sales": "263.88",
  "Quantity": "3.0",
  "Discount": "0.2",
  "Profit": "42.88"
}, {
  "Order_ID": "CA-2016-152289",
  "Order_Date": "2016-08-26",
  "Customer_ID": "LC-16930",
  "State": "Texas",
  "Region": "Central",
  "Category": "Technology",
  "Sub_Category": "Accessories",
  "Sales": "159.98",
  "Quantity": "2.0",
  "Discount": "0.2",
  "Profit": "44.0"
}, {
  "Order_ID": "CA-2015-129112",
  "Order_Date": "2015-11-29",
  "Customer_ID": "AW-10840",
  "State": "Texas",
  "Region": "Central",
  "Category": "Technology",
  "Sub_Category": "Accessories",
  "Sales": "21.48",
  "Quantity": "3.0",
  "Discount": "0.2",
  "Profit": "-0.27"
}, {
  "Order_ID": "CA-2016-128531",
  "Order_Date": "2016-11-24",
  "Customer_ID": "NS-18505",
  "State": "Texas",
  "Region": "Central",
  "Category": "Technology",
  "Sub_Category": "Accessories",
  "Sales": "297.58",
  "Quantity": "3.0",
  "Discount": "0.2",
  "Profit": "-7.44"
}, {
  "Order_ID": "CA-2016-128531",
  "Order_Date": "2016-11-24",
  "Customer_ID": "NS-18505",
  "State": "Texas",
  "Region": "Central",
  "Category": "Technology",
  "Sub_Category": "Accessories",
  "Sales": "94.99",
  "Quantity": "2.0",
  "Discount": "0.2",
  "Profit": "-2.37"
}, {
  "Order_ID": "US-2016-158708",
  "Order_Date": "2016-06-26",
  "Customer_ID": "AB-10255",
  "State": "Texas",
  "Region": "Central",
  "Category": "Technology",
  "Sub_Category": "Accessories",
  "Sales": "13.62",
  "Quantity": "2.0",
  "Discount": "0.2",
  "Profit": "3.57"
}, {
  "Order_ID": "CA-2014-139017",
  "Order_Date": "2014-05-11",
  "Customer_ID": "RM-19375",
  "State": "Texas",
  "Region": "Central",
  "Category": "Technology",
  "Sub_Category": "Accessories",
  "Sales": "46.86",
  "Quantity": "2.0",
  "Discount": "0.2",
  "Profit": "7.62"
}, {
  "Order_ID": "CA-2016-108581",
  "Order_Date": "2016-06-20",
  "Customer_ID": "EA-14035",
  "State": "Texas",
  "Region": "Central",
  "Category": "Technology",
  "Sub_Category": "Accessories",
  "Sales": "95.97",
  "Quantity": "4.0",
  "Discount": "0.2",
  "Profit": "26.39"
}, {
  "Order_ID": "CA-2015-155761",
  "Order_Date": "2015-12-11",
  "Customer_ID": "SC-20800",
  "State": "Texas",
  "Region": "Central",
  "Category": "Technology",
  "Sub_Category": "Accessories",
  "Sales": "159.98",
  "Quantity": "2.0",
  "Discount": "0.2",
  "Profit": "36.0"
}, {
  "Order_ID": "CA-2016-154018",
  "Order_Date": "2016-10-13",
  "Customer_ID": "HA-14920",
  "State": "Texas",
  "Region": "Central",
  "Category": "Technology",
  "Sub_Category": "Accessories",
  "Sales": "191.98",
  "Quantity": "3.0",
  "Discount": "0.2",
  "Profit": "24.0"
}, {
  "Order_ID": "CA-2015-124541",
  "Order_Date": "2015-04-06",
  "Customer_ID": "TT-21220",
  "State": "Texas",
  "Region": "Central",
  "Category": "Technology",
  "Sub_Category": "Accessories",
  "Sales": "25.49",
  "Quantity": "2.0",
  "Discount": "0.2",
  "Profit": "4.46"
}, {
  "Order_ID": "CA-2016-155845",
  "Order_Date": "2016-08-12",
  "Customer_ID": "CM-12235",
  "State": "Texas",
  "Region": "Central",
  "Category": "Technology",
  "Sub_Category": "Accessories",
  "Sales": "1399.94",
  "Quantity": "7.0",
  "Discount": "0.2",
  "Profit": "52.5"
}, {
  "Order_ID": "CA-2014-127446",
  "Order_Date": "2014-11-25",
  "Customer_ID": "MC-17590",
  "State": "Texas",
  "Region": "Central",
  "Category": "Technology",
  "Sub_Category": "Accessories",
  "Sales": "24.67",
  "Quantity": "3.0",
  "Discount": "0.2",
  "Profit": "0.0"
}, {
  "Order_ID": "CA-2016-111794",
  "Order_Date": "2016-10-01",
  "Customer_ID": "HG-15025",
  "State": "Texas",
  "Region": "Central",
  "Category": "Technology",
  "Sub_Category": "Accessories",
  "Sales": "79.51",
  "Quantity": "3.0",
  "Discount": "0.2",
  "Profit": "20.87"
}, {
  "Order_ID": "US-2015-165449",
  "Order_Date": "2015-11-22",
  "Customer_ID": "AP-10720",
  "State": "Texas",
  "Region": "Central",
  "Category": "Technology",
  "Sub_Category": "Accessories",
  "Sales": "27.17",
  "Quantity": "4.0",
  "Discount": "0.2",
  "Profit": "-1.36"
}, {
  "Order_ID": "US-2015-122140",
  "Order_Date": "2015-04-02",
  "Customer_ID": "MO-17950",
  "State": "Texas",
  "Region": "Central",
  "Category": "Technology",
  "Sub_Category": "Accessories",
  "Sales": "50.12",
  "Quantity": "7.0",
  "Discount": "0.2",
  "Profit": "-0.63"
}, {
  "Order_ID": "US-2015-122140",
  "Order_Date": "2015-04-02",
  "Customer_ID": "MO-17950",
  "State": "Texas",
  "Region": "Central",
  "Category": "Technology",
  "Sub_Category": "Accessories",
  "Sales": "47.98",
  "Quantity": "3.0",
  "Discount": "0.2",
  "Profit": "1.8"
}, {
  "Order_ID": "US-2016-160528",
  "Order_Date": "2016-08-23",
  "Customer_ID": "MH-18115",
  "State": "Texas",
  "Region": "Central",
  "Category": "Technology",
  "Sub_Category": "Accessories",
  "Sales": "666.4",
  "Quantity": "7.0",
  "Discount": "0.2",
  "Profit": "-33.32"
}, {
  "Order_ID": "CA-2017-118773",
  "Order_Date": "2017-02-09",
  "Customer_ID": "TP-21415",
  "State": "Texas",
  "Region": "Central",
  "Category": "Technology",
  "Sub_Category": "Accessories",
  "Sales": "127.98",
  "Quantity": "2.0",
  "Discount": "0.2",
  "Profit": "16.0"
}, {
  "Order_ID": "CA-2017-164168",
  "Order_Date": "2017-11-12",
  "Customer_ID": "LS-16975",
  "State": "Texas",
  "Region": "Central",
  "Category": "Technology",
  "Sub_Category": "Accessories",
  "Sales": "44.78",
  "Quantity": "2.0",
  "Discount": "0.2",
  "Profit": "-0.56"
}, {
  "Order_ID": "CA-2014-104738",
  "Order_Date": "2014-12-30",
  "Customer_ID": "SP-20620",
  "State": "Texas",
  "Region": "Central",
  "Category": "Technology",
  "Sub_Category": "Accessories",
  "Sales": "47.98",
  "Quantity": "2.0",
  "Discount": "0.2",
  "Profit": "14.4"
}, {
  "Order_ID": "CA-2017-125115",
  "Order_Date": "2017-04-10",
  "Customer_ID": "RD-19930",
  "State": "Texas",
  "Region": "Central",
  "Category": "Technology",
  "Sub_Category": "Accessories",
  "Sales": "95.74",
  "Quantity": "3.0",
  "Discount": "0.2",
  "Profit": "20.34"
}, {
  "Order_ID": "US-2016-131674",
  "Order_Date": "2016-11-29",
  "Customer_ID": "NC-18535",
  "State": "Texas",
  "Region": "Central",
  "Category": "Technology",
  "Sub_Category": "Accessories",
  "Sales": "58.42",
  "Quantity": "2.0",
  "Discount": "0.2",
  "Profit": "16.79"
}, {
  "Order_ID": "CA-2014-120544",
  "Order_Date": "2014-11-23",
  "Customer_ID": "SS-20140",
  "State": "Texas",
  "Region": "Central",
  "Category": "Technology",
  "Sub_Category": "Accessories",
  "Sales": "5.54",
  "Quantity": "7.0",
  "Discount": "0.2",
  "Profit": "1.66"
}, {
  "Order_ID": "US-2016-144547",
  "Order_Date": "2016-11-10",
  "Customer_ID": "MS-17770",
  "State": "Texas",
  "Region": "Central",
  "Category": "Technology",
  "Sub_Category": "Accessories",
  "Sales": "279.94",
  "Quantity": "7.0",
  "Discount": "0.2",
  "Profit": "48.99"
}, {
  "Order_ID": "CA-2017-106068",
  "Order_Date": "2017-10-23",
  "Customer_ID": "RB-19330",
  "State": "Texas",
  "Region": "Central",
  "Category": "Technology",
  "Sub_Category": "Accessories",
  "Sales": "55.2",
  "Quantity": "1.0",
  "Discount": "0.2",
  "Profit": "-2.07"
}, {
  "Order_ID": "US-2016-131611",
  "Order_Date": "2016-11-05",
  "Customer_ID": "EP-13915",
  "State": "Texas",
  "Region": "Central",
  "Category": "Technology",
  "Sub_Category": "Accessories",
  "Sales": "171.96",
  "Quantity": "5.0",
  "Discount": "0.2",
  "Profit": "45.14"
}, {
  "Order_ID": "CA-2015-159863",
  "Order_Date": "2015-09-04",
  "Customer_ID": "DS-13180",
  "State": "Texas",
  "Region": "Central",
  "Category": "Technology",
  "Sub_Category": "Accessories",
  "Sales": "134.38",
  "Quantity": "3.0",
  "Discount": "0.2",
  "Profit": "6.72"
}, {
  "Order_ID": "CA-2016-124681",
  "Order_Date": "2016-07-18",
  "Customer_ID": "SV-20935",
  "State": "Texas",
  "Region": "Central",
  "Category": "Technology",
  "Sub_Category": "Accessories",
  "Sales": "15.58",
  "Quantity": "3.0",
  "Discount": "0.2",
  "Profit": "3.31"
}, {
  "Order_ID": "US-2015-167220",
  "Order_Date": "2015-12-12",
  "Customer_ID": "JB-15925",
  "State": "Texas",
  "Region": "Central",
  "Category": "Technology",
  "Sub_Category": "Accessories",
  "Sales": "22.37",
  "Quantity": "4.0",
  "Discount": "0.2",
  "Profit": "6.43"
}, {
  "Order_ID": "CA-2015-123155",
  "Order_Date": "2015-03-09",
  "Customer_ID": "NS-18640",
  "State": "Texas",
  "Region": "Central",
  "Category": "Technology",
  "Sub_Category": "Accessories",
  "Sales": "113.52",
  "Quantity": "5.0",
  "Discount": "0.2",
  "Profit": "29.8"
}, {
  "Order_ID": "CA-2015-140025",
  "Order_Date": "2015-04-07",
  "Customer_ID": "PF-19120",
  "State": "Texas",
  "Region": "Central",
  "Category": "Technology",
  "Sub_Category": "Accessories",
  "Sales": "383.95",
  "Quantity": "6.0",
  "Discount": "0.2",
  "Profit": "47.99"
}, {
  "Order_ID": "CA-2015-141243",
  "Order_Date": "2015-01-03",
  "Customer_ID": "AH-10465",
  "State": "Texas",
  "Region": "Central",
  "Category": "Technology",
  "Sub_Category": "Accessories",
  "Sales": "398.4",
  "Quantity": "5.0",
  "Discount": "0.2",
  "Profit": "84.66"
}, {
  "Order_ID": "US-2017-136679",
  "Order_Date": "2017-11-14",
  "Customer_ID": "XP-21865",
  "State": "Texas",
  "Region": "Central",
  "Category": "Technology",
  "Sub_Category": "Accessories",
  "Sales": "167.95",
  "Quantity": "6.0",
  "Discount": "0.2",
  "Profit": "-27.29"
}, {
  "Order_ID": "CA-2016-103982",
  "Order_Date": "2016-03-03",
  "Customer_ID": "AA-10315",
  "State": "Texas",
  "Region": "Central",
  "Category": "Technology",
  "Sub_Category": "Accessories",
  "Sales": "41.72",
  "Quantity": "7.0",
  "Discount": "0.2",
  "Profit": "5.74"
}, {
  "Order_ID": "CA-2014-105165",
  "Order_Date": "2014-09-07",
  "Customer_ID": "SZ-20035",
  "State": "Texas",
  "Region": "Central",
  "Category": "Technology",
  "Sub_Category": "Accessories",
  "Sales": "46.69",
  "Quantity": "4.0",
  "Discount": "0.2",
  "Profit": "-2.92"
}, {
  "Order_ID": "US-2014-159618",
  "Order_Date": "2014-11-12",
  "Customer_ID": "DB-12970",
  "State": "Texas",
  "Region": "Central",
  "Category": "Technology",
  "Sub_Category": "Accessories",
  "Sales": "79.51",
  "Quantity": "3.0",
  "Discount": "0.2",
  "Profit": "20.87"
}, {
  "Order_ID": "CA-2017-126396",
  "Order_Date": "2017-09-08",
  "Customer_ID": "AR-10345",
  "State": "Texas",
  "Region": "Central",
  "Category": "Technology",
  "Sub_Category": "Accessories",
  "Sales": "85.2",
  "Quantity": "6.0",
  "Discount": "0.2",
  "Profit": "20.24"
}, {
  "Order_ID": "US-2016-132577",
  "Order_Date": "2016-11-22",
  "Customer_ID": "JE-15475",
  "State": "Texas",
  "Region": "Central",
  "Category": "Technology",
  "Sub_Category": "Accessories",
  "Sales": "24.03",
  "Quantity": "2.0",
  "Discount": "0.2",
  "Profit": "-0.6"
}, {
  "Order_ID": "CA-2014-120852",
  "Order_Date": "2014-12-20",
  "Customer_ID": "WB-21850",
  "State": "Texas",
  "Region": "Central",
  "Category": "Technology",
  "Sub_Category": "Accessories",
  "Sales": "65.44",
  "Quantity": "5.0",
  "Discount": "0.2",
  "Profit": "-8.18"
}, {
  "Order_ID": "CA-2015-105613",
  "Order_Date": "2015-10-18",
  "Customer_ID": "KN-16705",
  "State": "Texas",
  "Region": "Central",
  "Category": "Technology",
  "Sub_Category": "Accessories",
  "Sales": "27.7",
  "Quantity": "3.0",
  "Discount": "0.2",
  "Profit": "3.46"
}, {
  "Order_ID": "US-2017-104661",
  "Order_Date": "2017-01-15",
  "Customer_ID": "TB-21250",
  "State": "Texas",
  "Region": "Central",
  "Category": "Technology",
  "Sub_Category": "Accessories",
  "Sales": "47.98",
  "Quantity": "2.0",
  "Discount": "0.2",
  "Profit": "14.4"
}, {
  "Order_ID": "US-2017-104661",
  "Order_Date": "2017-01-15",
  "Customer_ID": "TB-21250",
  "State": "Texas",
  "Region": "Central",
  "Category": "Technology",
  "Sub_Category": "Accessories",
  "Sales": "62.59",
  "Quantity": "8.0",
  "Discount": "0.2",
  "Profit": "13.3"
}, {
  "Order_ID": "CA-2017-111262",
  "Order_Date": "2017-10-28",
  "Customer_ID": "KH-16510",
  "State": "Texas",
  "Region": "Central",
  "Category": "Technology",
  "Sub_Category": "Accessories",
  "Sales": "24.0",
  "Quantity": "2.0",
  "Discount": "0.2",
  "Profit": "-2.7"
}, {
  "Order_ID": "CA-2017-111262",
  "Order_Date": "2017-10-28",
  "Customer_ID": "KH-16510",
  "State": "Texas",
  "Region": "Central",
  "Category": "Technology",
  "Sub_Category": "Accessories",
  "Sales": "26.18",
  "Quantity": "2.0",
  "Discount": "0.2",
  "Profit": "-3.27"
}, {
  "Order_ID": "CA-2014-100678",
  "Order_Date": "2014-04-18",
  "Customer_ID": "KM-16720",
  "State": "Texas",
  "Region": "Central",
  "Category": "Technology",
  "Sub_Category": "Accessories",
  "Sales": "227.98",
  "Quantity": "3.0",
  "Discount": "0.2",
  "Profit": "28.5"
}, {
  "Order_ID": "CA-2014-124394",
  "Order_Date": "2014-10-17",
  "Customer_ID": "TB-21520",
  "State": "Texas",
  "Region": "Central",
  "Category": "Technology",
  "Sub_Category": "Accessories",
  "Sales": "119.98",
  "Quantity": "3.0",
  "Discount": "0.2",
  "Profit": "-18.0"
}, {
  "Order_ID": "CA-2017-137365",
  "Order_Date": "2017-11-30",
  "Customer_ID": "BP-11095",
  "State": "Texas",
  "Region": "Central",
  "Category": "Technology",
  "Sub_Category": "Accessories",
  "Sales": "95.98",
  "Quantity": "3.0",
  "Discount": "0.2",
  "Profit": "-10.8"
}, {
  "Order_ID": "US-2017-141677",
  "Order_Date": "2017-03-26",
  "Customer_ID": "HK-14890",
  "State": "Texas",
  "Region": "Central",
  "Category": "Technology",
  "Sub_Category": "Accessories",
  "Sales": "143.96",
  "Quantity": "5.0",
  "Discount": "0.2",
  "Profit": "1.8"
}, {
  "Order_ID": "CA-2017-140802",
  "Order_Date": "2017-04-21",
  "Customer_ID": "KN-16390",
  "State": "Texas",
  "Region": "Central",
  "Category": "Technology",
  "Sub_Category": "Accessories",
  "Sales": "47.98",
  "Quantity": "3.0",
  "Discount": "0.2",
  "Profit": "8.4"
}, {
  "Order_ID": "CA-2017-110821",
  "Order_Date": "2017-08-07",
  "Customer_ID": "CK-12205",
  "State": "Texas",
  "Region": "Central",
  "Category": "Technology",
  "Sub_Category": "Accessories",
  "Sales": "119.45",
  "Quantity": "3.0",
  "Discount": "0.2",
  "Profit": "-13.44"
}, {
  "Order_ID": "CA-2017-169362",
  "Order_Date": "2017-10-12",
  "Customer_ID": "SP-20860",
  "State": "Texas",
  "Region": "Central",
  "Category": "Technology",
  "Sub_Category": "Accessories",
  "Sales": "39.98",
  "Quantity": "2.0",
  "Discount": "0.2",
  "Profit": "-1.5"
}, {
  "Order_ID": "CA-2016-166373",
  "Order_Date": "2016-10-21",
  "Customer_ID": "JF-15565",
  "State": "Texas",
  "Region": "Central",
  "Category": "Technology",
  "Sub_Category": "Accessories",
  "Sales": "106.08",
  "Quantity": "6.0",
  "Discount": "0.2",
  "Profit": "-9.28"
}, {
  "Order_ID": "CA-2015-137064",
  "Order_Date": "2015-02-06",
  "Customer_ID": "TS-21655",
  "State": "Texas",
  "Region": "Central",
  "Category": "Technology",
  "Sub_Category": "Accessories",
  "Sales": "18.53",
  "Quantity": "2.0",
  "Discount": "0.2",
  "Profit": "4.4"
}, {
  "Order_ID": "CA-2016-147109",
  "Order_Date": "2016-12-17",
  "Customer_ID": "AH-10075",
  "State": "Texas",
  "Region": "Central",
  "Category": "Technology",
  "Sub_Category": "Accessories",
  "Sales": "165.6",
  "Quantity": "3.0",
  "Discount": "0.2",
  "Profit": "-6.21"
}, {
  "Order_ID": "CA-2016-130400",
  "Order_Date": "2016-03-08",
  "Customer_ID": "SJ-20125",
  "State": "Texas",
  "Region": "Central",
  "Category": "Technology",
  "Sub_Category": "Accessories",
  "Sales": "27.96",
  "Quantity": "5.0",
  "Discount": "0.2",
  "Profit": "8.39"
}, {
  "Order_ID": "CA-2014-130673",
  "Order_Date": "2014-05-20",
  "Customer_ID": "MC-17590",
  "State": "Texas",
  "Region": "Central",
  "Category": "Technology",
  "Sub_Category": "Accessories",
  "Sales": "20.78",
  "Quantity": "2.0",
  "Discount": "0.2",
  "Profit": "-3.64"
}, {
  "Order_ID": "US-2016-116365",
  "Order_Date": "2016-01-03",
  "Customer_ID": "CA-12310",
  "State": "Texas",
  "Region": "Central",
  "Category": "Technology",
  "Sub_Category": "Accessories",
  "Sales": "30.08",
  "Quantity": "2.0",
  "Discount": "0.2",
  "Profit": "-5.26"
}, {
  "Order_ID": "US-2016-116365",
  "Order_Date": "2016-01-03",
  "Customer_ID": "CA-12310",
  "State": "Texas",
  "Region": "Central",
  "Category": "Technology",
  "Sub_Category": "Accessories",
  "Sales": "165.6",
  "Quantity": "3.0",
  "Discount": "0.2",
  "Profit": "-6.21"
}, {
  "Order_ID": "CA-2016-112739",
  "Order_Date": "2016-09-02",
  "Customer_ID": "RD-19810",
  "State": "Texas",
  "Region": "Central",
  "Category": "Technology",
  "Sub_Category": "Accessories",
  "Sales": "159.56",
  "Quantity": "5.0",
  "Discount": "0.2",
  "Profit": "33.91"
}, {
  "Order_ID": "CA-2015-137071",
  "Order_Date": "2015-12-20",
  "Customer_ID": "ED-13885",
  "State": "Texas",
  "Region": "Central",
  "Category": "Technology",
  "Sub_Category": "Accessories",
  "Sales": "100.8",
  "Quantity": "2.0",
  "Discount": "0.2",
  "Profit": "21.42"
}, {
  "Order_ID": "CA-2015-132941",
  "Order_Date": "2015-05-25",
  "Customer_ID": "MM-18280",
  "State": "Texas",
  "Region": "Central",
  "Category": "Technology",
  "Sub_Category": "Accessories",
  "Sales": "207.98",
  "Quantity": "2.0",
  "Discount": "0.2",
  "Profit": "36.4"
}, {
  "Order_ID": "US-2015-163433",
  "Order_Date": "2015-04-18",
  "Customer_ID": "MP-17965",
  "State": "Texas",
  "Region": "Central",
  "Category": "Technology",
  "Sub_Category": "Accessories",
  "Sales": "41.42",
  "Quantity": "2.0",
  "Discount": "0.2",
  "Profit": "8.28"
}, {
  "Order_ID": "CA-2017-124940",
  "Order_Date": "2017-02-21",
  "Customer_ID": "DK-13090",
  "State": "Texas",
  "Region": "Central",
  "Category": "Technology",
  "Sub_Category": "Accessories",
  "Sales": "47.9",
  "Quantity": "1.0",
  "Discount": "0.2",
  "Profit": "-2.99"
}, {
  "Order_ID": "CA-2016-108210",
  "Order_Date": "2016-05-30",
  "Customer_ID": "AT-10735",
  "State": "Texas",
  "Region": "Central",
  "Category": "Technology",
  "Sub_Category": "Accessories",
  "Sales": "223.96",
  "Quantity": "5.0",
  "Discount": "0.2",
  "Profit": "11.2"
}, {
  "Order_ID": "CA-2014-169019",
  "Order_Date": "2014-07-26",
  "Customer_ID": "LF-17185",
  "State": "Texas",
  "Region": "Central",
  "Category": "Technology",
  "Sub_Category": "Accessories",
  "Sales": "431.14",
  "Quantity": "9.0",
  "Discount": "0.2",
  "Profit": "-26.95"
}, {
  "Order_ID": "CA-2017-144491",
  "Order_Date": "2017-03-27",
  "Customer_ID": "CJ-12010",
  "State": "Texas",
  "Region": "Central",
  "Category": "Technology",
  "Sub_Category": "Accessories",
  "Sales": "39.99",
  "Quantity": "1.0",
  "Discount": "0.2",
  "Profit": "7.0"
}, {
  "Order_ID": "CA-2014-113257",
  "Order_Date": "2014-12-16",
  "Customer_ID": "SC-20305",
  "State": "Texas",
  "Region": "Central",
  "Category": "Technology",
  "Sub_Category": "Accessories",
  "Sales": "319.97",
  "Quantity": "4.0",
  "Discount": "0.2",
  "Profit": "95.99"
}, {
  "Order_ID": "CA-2014-122609",
  "Order_Date": "2014-11-12",
  "Customer_ID": "DP-13000",
  "State": "Texas",
  "Region": "Central",
  "Category": "Technology",
  "Sub_Category": "Accessories",
  "Sales": "127.98",
  "Quantity": "2.0",
  "Discount": "0.2",
  "Profit": "25.6"
}, {
  "Order_ID": "CA-2016-117590",
  "Order_Date": "2016-12-08",
  "Customer_ID": "GH-14485",
  "State": "Texas",
  "Region": "Central",
  "Category": "Furniture",
  "Sub_Category": "Furnishings",
  "Sales": "190.92",
  "Quantity": "5.0",
  "Discount": "0.6",
  "Profit": "-147.96"
}, {
  "Order_ID": "US-2017-118038",
  "Order_Date": "2017-12-09",
  "Customer_ID": "KB-16600",
  "State": "Texas",
  "Region": "Central",
  "Category": "Furniture",
  "Sub_Category": "Furnishings",
  "Sales": "9.71",
  "Quantity": "3.0",
  "Discount": "0.6",
  "Profit": "-5.82"
}, {
  "Order_ID": "US-2014-147606",
  "Order_Date": "2014-11-26",
  "Customer_ID": "JE-15745",
  "State": "Texas",
  "Region": "Central",
  "Category": "Furniture",
  "Sub_Category": "Furnishings",
  "Sales": "19.3",
  "Quantity": "5.0",
  "Discount": "0.6",
  "Profit": "-14.48"
}, {
  "Order_ID": "CA-2014-103849",
  "Order_Date": "2014-05-11",
  "Customer_ID": "PG-18895",
  "State": "Texas",
  "Region": "Central",
  "Category": "Furniture",
  "Sub_Category": "Furnishings",
  "Sales": "66.11",
  "Quantity": "4.0",
  "Discount": "0.6",
  "Profit": "-84.29"
}, {
  "Order_ID": "US-2017-119438",
  "Order_Date": "2017-03-18",
  "Customer_ID": "CD-11980",
  "State": "Texas",
  "Region": "Central",
  "Category": "Furniture",
  "Sub_Category": "Furnishings",
  "Sales": "82.52",
  "Quantity": "3.0",
  "Discount": "0.6",
  "Profit": "-41.26"
}, {
  "Order_ID": "US-2016-110156",
  "Order_Date": "2016-11-19",
  "Customer_ID": "EH-13945",
  "State": "Texas",
  "Region": "Central",
  "Category": "Furniture",
  "Sub_Category": "Furnishings",
  "Sales": "2.33",
  "Quantity": "2.0",
  "Discount": "0.6",
  "Profit": "-0.76"
}, {
  "Order_ID": "CA-2017-160045",
  "Order_Date": "2017-04-26",
  "Customer_ID": "LB-16735",
  "State": "Texas",
  "Region": "Central",
  "Category": "Furniture",
  "Sub_Category": "Furnishings",
  "Sales": "1.99",
  "Quantity": "1.0",
  "Discount": "0.6",
  "Profit": "-1.44"
}, {
  "Order_ID": "CA-2015-126697",
  "Order_Date": "2015-09-21",
  "Customer_ID": "SV-20815",
  "State": "Texas",
  "Region": "Central",
  "Category": "Furniture",
  "Sub_Category": "Furnishings",
  "Sales": "4.93",
  "Quantity": "4.0",
  "Discount": "0.6",
  "Profit": "-1.48"
}, {
  "Order_ID": "US-2015-105676",
  "Order_Date": "2015-12-01",
  "Customer_ID": "NM-18520",
  "State": "Texas",
  "Region": "Central",
  "Category": "Furniture",
  "Sub_Category": "Furnishings",
  "Sales": "6.69",
  "Quantity": "4.0",
  "Discount": "0.6",
  "Profit": "-4.01"
}, {
  "Order_ID": "CA-2017-158876",
  "Order_Date": "2017-11-19",
  "Customer_ID": "AB-10150",
  "State": "Texas",
  "Region": "Central",
  "Category": "Furniture",
  "Sub_Category": "Furnishings",
  "Sales": "15.99",
  "Quantity": "2.0",
  "Discount": "0.6",
  "Profit": "-13.99"
}, {
  "Order_ID": "CA-2015-143077",
  "Order_Date": "2015-09-17",
  "Customer_ID": "SF-20965",
  "State": "Texas",
  "Region": "Central",
  "Category": "Furniture",
  "Sub_Category": "Furnishings",
  "Sales": "21.94",
  "Quantity": "2.0",
  "Discount": "0.6",
  "Profit": "-10.42"
}, {
  "Order_ID": "CA-2015-135391",
  "Order_Date": "2015-02-09",
  "Customer_ID": "FA-14230",
  "State": "Texas",
  "Region": "Central",
  "Category": "Furniture",
  "Sub_Category": "Furnishings",
  "Sales": "40.78",
  "Quantity": "2.0",
  "Discount": "0.6",
  "Profit": "-30.59"
}, {
  "Order_ID": "US-2017-147221",
  "Order_Date": "2017-12-02",
  "Customer_ID": "JS-16030",
  "State": "Texas",
  "Region": "Central",
  "Category": "Furniture",
  "Sub_Category": "Furnishings",
  "Sales": "8.75",
  "Quantity": "4.0",
  "Discount": "0.6",
  "Profit": "-3.72"
}, {
  "Order_ID": "CA-2015-156377",
  "Order_Date": "2015-12-31",
  "Customer_ID": "TB-21625",
  "State": "Texas",
  "Region": "Central",
  "Category": "Furniture",
  "Sub_Category": "Furnishings",
  "Sales": "14.76",
  "Quantity": "5.0",
  "Discount": "0.6",
  "Profit": "-11.44"
}, {
  "Order_ID": "US-2016-120460",
  "Order_Date": "2016-04-30",
  "Customer_ID": "BF-11170",
  "State": "Texas",
  "Region": "Central",
  "Category": "Furniture",
  "Sub_Category": "Furnishings",
  "Sales": "22.61",
  "Quantity": "3.0",
  "Discount": "0.6",
  "Profit": "-10.17"
}, {
  "Order_ID": "CA-2016-154018",
  "Order_Date": "2016-10-13",
  "Customer_ID": "HA-14920",
  "State": "Texas",
  "Region": "Central",
  "Category": "Furniture",
  "Sub_Category": "Furnishings",
  "Sales": "139.92",
  "Quantity": "5.0",
  "Discount": "0.6",
  "Profit": "-150.41"
}, {
  "Order_ID": "CA-2016-169922",
  "Order_Date": "2016-06-11",
  "Customer_ID": "MZ-17515",
  "State": "Texas",
  "Region": "Central",
  "Category": "Furniture",
  "Sub_Category": "Furnishings",
  "Sales": "12.54",
  "Quantity": "7.0",
  "Discount": "0.6",
  "Profit": "-9.09"
}, {
  "Order_ID": "US-2016-126844",
  "Order_Date": "2016-10-08",
  "Customer_ID": "BW-11110",
  "State": "Texas",
  "Region": "Central",
  "Category": "Furniture",
  "Sub_Category": "Furnishings",
  "Sales": "51.71",
  "Quantity": "8.0",
  "Discount": "0.6",
  "Profit": "-32.32"
}, {
  "Order_ID": "CA-2014-127446",
  "Order_Date": "2014-11-25",
  "Customer_ID": "MC-17590",
  "State": "Texas",
  "Region": "Central",
  "Category": "Furniture",
  "Sub_Category": "Furnishings",
  "Sales": "6.1",
  "Quantity": "3.0",
  "Discount": "0.6",
  "Profit": "-3.96"
}, {
  "Order_ID": "CA-2014-110030",
  "Order_Date": "2014-12-06",
  "Customer_ID": "LF-17185",
  "State": "Texas",
  "Region": "Central",
  "Category": "Furniture",
  "Sub_Category": "Furnishings",
  "Sales": "23.98",
  "Quantity": "3.0",
  "Discount": "0.6",
  "Profit": "-14.39"
}, {
  "Order_ID": "US-2014-117744",
  "Order_Date": "2014-12-02",
  "Customer_ID": "MD-17860",
  "State": "Texas",
  "Region": "Central",
  "Category": "Furniture",
  "Sub_Category": "Furnishings",
  "Sales": "58.36",
  "Quantity": "5.0",
  "Discount": "0.6",
  "Profit": "-24.8"
}, {
  "Order_ID": "US-2014-117744",
  "Order_Date": "2014-12-02",
  "Customer_ID": "MD-17860",
  "State": "Texas",
  "Region": "Central",
  "Category": "Furniture",
  "Sub_Category": "Furnishings",
  "Sales": "39.96",
  "Quantity": "5.0",
  "Discount": "0.6",
  "Profit": "-23.98"
}, {
  "Order_ID": "US-2016-160528",
  "Order_Date": "2016-08-23",
  "Customer_ID": "MH-18115",
  "State": "Texas",
  "Region": "Central",
  "Category": "Furniture",
  "Sub_Category": "Furnishings",
  "Sales": "22.61",
  "Quantity": "3.0",
  "Discount": "0.6",
  "Profit": "-10.17"
}, {
  "Order_ID": "CA-2014-143903",
  "Order_Date": "2014-07-20",
  "Customer_ID": "KM-16375",
  "State": "Texas",
  "Region": "Central",
  "Category": "Furniture",
  "Sub_Category": "Furnishings",
  "Sales": "16.74",
  "Quantity": "5.0",
  "Discount": "0.6",
  "Profit": "-14.23"
}, {
  "Order_ID": "CA-2017-118773",
  "Order_Date": "2017-02-09",
  "Customer_ID": "TP-21415",
  "State": "Texas",
  "Region": "Central",
  "Category": "Furniture",
  "Sub_Category": "Furnishings",
  "Sales": "3.98",
  "Quantity": "2.0",
  "Discount": "0.6",
  "Profit": "-2.69"
}, {
  "Order_ID": "CA-2017-164168",
  "Order_Date": "2017-11-12",
  "Customer_ID": "LS-16975",
  "State": "Texas",
  "Region": "Central",
  "Category": "Furniture",
  "Sub_Category": "Furnishings",
  "Sales": "22.85",
  "Quantity": "3.0",
  "Discount": "0.6",
  "Profit": "-17.71"
}, {
  "Order_ID": "US-2016-127971",
  "Order_Date": "2016-11-20",
  "Customer_ID": "DW-13195",
  "State": "Texas",
  "Region": "Central",
  "Category": "Furniture",
  "Sub_Category": "Furnishings",
  "Sales": "7.07",
  "Quantity": "3.0",
  "Discount": "0.6",
  "Profit": "-2.83"
}, {
  "Order_ID": "CA-2017-161739",
  "Order_Date": "2017-11-10",
  "Customer_ID": "EB-13750",
  "State": "Texas",
  "Region": "Central",
  "Category": "Furniture",
  "Sub_Category": "Furnishings",
  "Sales": "341.96",
  "Quantity": "5.0",
  "Discount": "0.6",
  "Profit": "-427.45"
}, {
  "Order_ID": "CA-2016-130050",
  "Order_Date": "2016-07-16",
  "Customer_ID": "MC-17425",
  "State": "Texas",
  "Region": "Central",
  "Category": "Furniture",
  "Sub_Category": "Furnishings",
  "Sales": "9.55",
  "Quantity": "3.0",
  "Discount": "0.6",
  "Profit": "-3.82"
}, {
  "Order_ID": "CA-2017-168739",
  "Order_Date": "2017-05-29",
  "Customer_ID": "HZ-14950",
  "State": "Texas",
  "Region": "Central",
  "Category": "Furniture",
  "Sub_Category": "Furnishings",
  "Sales": "65.42",
  "Quantity": "4.0",
  "Discount": "0.6",
  "Profit": "-52.34"
}, {
  "Order_ID": "CA-2017-152583",
  "Order_Date": "2017-10-30",
  "Customer_ID": "RA-19945",
  "State": "Texas",
  "Region": "Central",
  "Category": "Furniture",
  "Sub_Category": "Furnishings",
  "Sales": "16.19",
  "Quantity": "2.0",
  "Discount": "0.6",
  "Profit": "-8.5"
}, {
  "Order_ID": "CA-2016-137176",
  "Order_Date": "2016-09-09",
  "Customer_ID": "DB-12910",
  "State": "Texas",
  "Region": "Central",
  "Category": "Furniture",
  "Sub_Category": "Furnishings",
  "Sales": "15.01",
  "Quantity": "4.0",
  "Discount": "0.6",
  "Profit": "-12.01"
}, {
  "Order_ID": "CA-2014-120544",
  "Order_Date": "2014-11-23",
  "Customer_ID": "SS-20140",
  "State": "Texas",
  "Region": "Central",
  "Category": "Furniture",
  "Sub_Category": "Furnishings",
  "Sales": "6.37",
  "Quantity": "2.0",
  "Discount": "0.6",
  "Profit": "-2.55"
}, {
  "Order_ID": "CA-2017-100223",
  "Order_Date": "2017-07-05",
  "Customer_ID": "LS-16945",
  "State": "Texas",
  "Region": "Central",
  "Category": "Furniture",
  "Sub_Category": "Furnishings",
  "Sales": "332.03",
  "Quantity": "9.0",
  "Discount": "0.6",
  "Profit": "-348.63"
}, {
  "Order_ID": "CA-2017-140298",
  "Order_Date": "2017-05-11",
  "Customer_ID": "JK-16120",
  "State": "Texas",
  "Region": "Central",
  "Category": "Furniture",
  "Sub_Category": "Furnishings",
  "Sales": "8.0",
  "Quantity": "1.0",
  "Discount": "0.6",
  "Profit": "-7.0"
}, {
  "Order_ID": "CA-2014-108273",
  "Order_Date": "2014-12-16",
  "Customer_ID": "EJ-13720",
  "State": "Texas",
  "Region": "Central",
  "Category": "Furniture",
  "Sub_Category": "Furnishings",
  "Sales": "56.57",
  "Quantity": "2.0",
  "Discount": "0.6",
  "Profit": "-74.95"
}, {
  "Order_ID": "US-2014-166310",
  "Order_Date": "2014-09-21",
  "Customer_ID": "JS-15940",
  "State": "Texas",
  "Region": "Central",
  "Category": "Furniture",
  "Sub_Category": "Furnishings",
  "Sales": "8.54",
  "Quantity": "2.0",
  "Discount": "0.6",
  "Profit": "-7.48"
}, {
  "Order_ID": "CA-2015-112214",
  "Order_Date": "2015-08-05",
  "Customer_ID": "AH-10690",
  "State": "Texas",
  "Region": "Central",
  "Category": "Furniture",
  "Sub_Category": "Furnishings",
  "Sales": "14.76",
  "Quantity": "5.0",
  "Discount": "0.6",
  "Profit": "-11.44"
}, {
  "Order_ID": "US-2014-165589",
  "Order_Date": "2014-02-18",
  "Customer_ID": "TB-21595",
  "State": "Texas",
  "Region": "Central",
  "Category": "Furniture",
  "Sub_Category": "Furnishings",
  "Sales": "25.16",
  "Quantity": "5.0",
  "Discount": "0.6",
  "Profit": "-11.32"
}, {
  "Order_ID": "CA-2017-161557",
  "Order_Date": "2017-09-03",
  "Customer_ID": "AG-10900",
  "State": "Texas",
  "Region": "Central",
  "Category": "Furniture",
  "Sub_Category": "Furnishings",
  "Sales": "108.4",
  "Quantity": "5.0",
  "Discount": "0.6",
  "Profit": "-105.69"
}, {
  "Order_ID": "CA-2016-103919",
  "Order_Date": "2016-10-03",
  "Customer_ID": "TP-21565",
  "State": "Texas",
  "Region": "Central",
  "Category": "Furniture",
  "Sub_Category": "Furnishings",
  "Sales": "38.08",
  "Quantity": "5.0",
  "Discount": "0.6",
  "Profit": "-29.51"
}, {
  "Order_ID": "US-2017-119816",
  "Order_Date": "2017-03-04",
  "Customer_ID": "TT-21460",
  "State": "Texas",
  "Region": "Central",
  "Category": "Furniture",
  "Sub_Category": "Furnishings",
  "Sales": "103.5",
  "Quantity": "5.0",
  "Discount": "0.6",
  "Profit": "-77.63"
}, {
  "Order_ID": "US-2017-124779",
  "Order_Date": "2017-09-08",
  "Customer_ID": "BF-11020",
  "State": "Texas",
  "Region": "Central",
  "Category": "Furniture",
  "Sub_Category": "Furnishings",
  "Sales": "21.18",
  "Quantity": "2.0",
  "Discount": "0.6",
  "Profit": "-11.65"
}, {
  "Order_ID": "CA-2015-168809",
  "Order_Date": "2015-08-25",
  "Customer_ID": "MC-18100",
  "State": "Texas",
  "Region": "Central",
  "Category": "Furniture",
  "Sub_Category": "Furnishings",
  "Sales": "20.1",
  "Quantity": "2.0",
  "Discount": "0.6",
  "Profit": "-16.59"
}, {
  "Order_ID": "CA-2015-168809",
  "Order_Date": "2015-08-25",
  "Customer_ID": "MC-18100",
  "State": "Texas",
  "Region": "Central",
  "Category": "Furniture",
  "Sub_Category": "Furnishings",
  "Sales": "7.88",
  "Quantity": "5.0",
  "Discount": "0.6",
  "Profit": "-3.94"
}, {
  "Order_ID": "CA-2015-128125",
  "Order_Date": "2015-03-31",
  "Customer_ID": "EB-13705",
  "State": "Texas",
  "Region": "Central",
  "Category": "Furniture",
  "Sub_Category": "Furnishings",
  "Sales": "22.38",
  "Quantity": "3.0",
  "Discount": "0.6",
  "Profit": "-7.83"
}, {
  "Order_ID": "US-2015-123918",
  "Order_Date": "2015-10-15",
  "Customer_ID": "CG-12520",
  "State": "Texas",
  "Region": "Central",
  "Category": "Furniture",
  "Sub_Category": "Furnishings",
  "Sales": "131.38",
  "Quantity": "6.0",
  "Discount": "0.6",
  "Profit": "-95.25"
}, {
  "Order_ID": "CA-2017-133102",
  "Order_Date": "2017-08-17",
  "Customer_ID": "ED-13885",
  "State": "Texas",
  "Region": "Central",
  "Category": "Furniture",
  "Sub_Category": "Furnishings",
  "Sales": "16.78",
  "Quantity": "2.0",
  "Discount": "0.6",
  "Profit": "-22.24"
}, {
  "Order_ID": "CA-2016-101693",
  "Order_Date": "2016-06-25",
  "Customer_ID": "LC-17140",
  "State": "Texas",
  "Region": "Central",
  "Category": "Furniture",
  "Sub_Category": "Furnishings",
  "Sales": "32.71",
  "Quantity": "2.0",
  "Discount": "0.6",
  "Profit": "-26.17"
}, {
  "Order_ID": "CA-2017-103415",
  "Order_Date": "2017-12-03",
  "Customer_ID": "MV-17485",
  "State": "Texas",
  "Region": "Central",
  "Category": "Furniture",
  "Sub_Category": "Furnishings",
  "Sales": "13.59",
  "Quantity": "2.0",
  "Discount": "0.6",
  "Profit": "-14.27"
}, {
  "Order_ID": "CA-2016-136595",
  "Order_Date": "2016-09-05",
  "Customer_ID": "EM-13825",
  "State": "Texas",
  "Region": "Central",
  "Category": "Furniture",
  "Sub_Category": "Furnishings",
  "Sales": "21.2",
  "Quantity": "3.0",
  "Discount": "0.6",
  "Profit": "-11.66"
}, {
  "Order_ID": "CA-2014-105417",
  "Order_Date": "2014-01-07",
  "Customer_ID": "VS-21820",
  "State": "Texas",
  "Region": "Central",
  "Category": "Furniture",
  "Sub_Category": "Furnishings",
  "Sales": "76.73",
  "Quantity": "3.0",
  "Discount": "0.6",
  "Profit": "-53.71"
}, {
  "Order_ID": "CA-2016-128706",
  "Order_Date": "2016-02-27",
  "Customer_ID": "DW-13540",
  "State": "Texas",
  "Region": "Central",
  "Category": "Furniture",
  "Sub_Category": "Furnishings",
  "Sales": "16.19",
  "Quantity": "2.0",
  "Discount": "0.6",
  "Profit": "-6.88"
}, {
  "Order_ID": "CA-2014-131009",
  "Order_Date": "2014-03-01",
  "Customer_ID": "SC-20380",
  "State": "Texas",
  "Region": "Central",
  "Category": "Furniture",
  "Sub_Category": "Furnishings",
  "Sales": "63.55",
  "Quantity": "6.0",
  "Discount": "0.6",
  "Profit": "-34.95"
}, {
  "Order_ID": "CA-2016-158806",
  "Order_Date": "2016-01-07",
  "Customer_ID": "NM-18520",
  "State": "Texas",
  "Region": "Central",
  "Category": "Furniture",
  "Sub_Category": "Furnishings",
  "Sales": "23.08",
  "Quantity": "3.0",
  "Discount": "0.6",
  "Profit": "-10.96"
}, {
  "Order_ID": "CA-2015-119690",
  "Order_Date": "2015-06-25",
  "Customer_ID": "MV-17485",
  "State": "Texas",
  "Region": "Central",
  "Category": "Furniture",
  "Sub_Category": "Furnishings",
  "Sales": "75.38",
  "Quantity": "9.0",
  "Discount": "0.6",
  "Profit": "-20.73"
}, {
  "Order_ID": "CA-2017-151750",
  "Order_Date": "2017-01-01",
  "Customer_ID": "JM-15250",
  "State": "Texas",
  "Region": "Central",
  "Category": "Furniture",
  "Sub_Category": "Furnishings",
  "Sales": "141.42",
  "Quantity": "5.0",
  "Discount": "0.6",
  "Profit": "-187.38"
}, {
  "Order_ID": "CA-2015-131352",
  "Order_Date": "2015-10-08",
  "Customer_ID": "GH-14485",
  "State": "Texas",
  "Region": "Central",
  "Category": "Furniture",
  "Sub_Category": "Furnishings",
  "Sales": "72.78",
  "Quantity": "3.0",
  "Discount": "0.6",
  "Profit": "-70.96"
}, {
  "Order_ID": "CA-2016-116337",
  "Order_Date": "2016-11-07",
  "Customer_ID": "MC-17845",
  "State": "Texas",
  "Region": "Central",
  "Category": "Furniture",
  "Sub_Category": "Furnishings",
  "Sales": "44.46",
  "Quantity": "5.0",
  "Discount": "0.6",
  "Profit": "-17.78"
}, {
  "Order_ID": "CA-2014-120775",
  "Order_Date": "2014-10-03",
  "Customer_ID": "RD-19930",
  "State": "Texas",
  "Region": "Central",
  "Category": "Furniture",
  "Sub_Category": "Furnishings",
  "Sales": "31.78",
  "Quantity": "3.0",
  "Discount": "0.6",
  "Profit": "-19.07"
}, {
  "Order_ID": "US-2014-127635",
  "Order_Date": "2014-09-14",
  "Customer_ID": "SC-20260",
  "State": "Texas",
  "Region": "Central",
  "Category": "Furniture",
  "Sub_Category": "Furnishings",
  "Sales": "9.96",
  "Quantity": "5.0",
  "Discount": "0.6",
  "Profit": "-6.72"
}, {
  "Order_ID": "CA-2016-125087",
  "Order_Date": "2016-04-18",
  "Customer_ID": "TH-21115",
  "State": "Texas",
  "Region": "Central",
  "Category": "Furniture",
  "Sub_Category": "Furnishings",
  "Sales": "127.88",
  "Quantity": "5.0",
  "Discount": "0.6",
  "Profit": "-67.14"
}, {
  "Order_ID": "CA-2016-144645",
  "Order_Date": "2016-02-02",
  "Customer_ID": "NS-18640",
  "State": "Texas",
  "Region": "Central",
  "Category": "Furniture",
  "Sub_Category": "Furnishings",
  "Sales": "73.78",
  "Quantity": "2.0",
  "Discount": "0.6",
  "Profit": "-77.47"
}, {
  "Order_ID": "CA-2017-149720",
  "Order_Date": "2017-06-04",
  "Customer_ID": "EM-14065",
  "State": "Texas",
  "Region": "Central",
  "Category": "Furniture",
  "Sub_Category": "Furnishings",
  "Sales": "30.34",
  "Quantity": "6.0",
  "Discount": "0.6",
  "Profit": "-17.44"
}, {
  "Order_ID": "CA-2016-132829",
  "Order_Date": "2016-12-23",
  "Customer_ID": "LA-16780",
  "State": "Texas",
  "Region": "Central",
  "Category": "Furniture",
  "Sub_Category": "Furnishings",
  "Sales": "2.33",
  "Quantity": "2.0",
  "Discount": "0.6",
  "Profit": "-0.76"
}, {
  "Order_ID": "CA-2014-130673",
  "Order_Date": "2014-05-20",
  "Customer_ID": "MC-17590",
  "State": "Texas",
  "Region": "Central",
  "Category": "Furniture",
  "Sub_Category": "Furnishings",
  "Sales": "10.33",
  "Quantity": "3.0",
  "Discount": "0.6",
  "Profit": "-5.94"
}, {
  "Order_ID": "US-2017-119319",
  "Order_Date": "2017-11-06",
  "Customer_ID": "LC-17050",
  "State": "Texas",
  "Region": "Central",
  "Category": "Furniture",
  "Sub_Category": "Furnishings",
  "Sales": "30.56",
  "Quantity": "5.0",
  "Discount": "0.6",
  "Profit": "-19.86"
}, {
  "Order_ID": "CA-2015-131856",
  "Order_Date": "2015-05-12",
  "Customer_ID": "JG-15160",
  "State": "Texas",
  "Region": "Central",
  "Category": "Furniture",
  "Sub_Category": "Furnishings",
  "Sales": "21.97",
  "Quantity": "4.0",
  "Discount": "0.6",
  "Profit": "-15.93"
}, {
  "Order_ID": "CA-2016-120824",
  "Order_Date": "2016-06-12",
  "Customer_ID": "AW-10930",
  "State": "Texas",
  "Region": "Central",
  "Category": "Furniture",
  "Sub_Category": "Furnishings",
  "Sales": "6.98",
  "Quantity": "2.0",
  "Discount": "0.6",
  "Profit": "-4.54"
}, {
  "Order_ID": "CA-2015-163181",
  "Order_Date": "2015-11-07",
  "Customer_ID": "AB-10105",
  "State": "Texas",
  "Region": "Central",
  "Category": "Furniture",
  "Sub_Category": "Furnishings",
  "Sales": "64.96",
  "Quantity": "5.0",
  "Discount": "0.6",
  "Profit": "-84.45"
}, {
  "Order_ID": "CA-2016-128916",
  "Order_Date": "2016-08-18",
  "Customer_ID": "MA-17560",
  "State": "Texas",
  "Region": "Central",
  "Category": "Furniture",
  "Sub_Category": "Furnishings",
  "Sales": "9.55",
  "Quantity": "3.0",
  "Discount": "0.6",
  "Profit": "-3.82"
}, {
  "Order_ID": "CA-2016-128916",
  "Order_Date": "2016-08-18",
  "Customer_ID": "MA-17560",
  "State": "Texas",
  "Region": "Central",
  "Category": "Furniture",
  "Sub_Category": "Furnishings",
  "Sales": "5.34",
  "Quantity": "4.0",
  "Discount": "0.6",
  "Profit": "-2.14"
}, {
  "Order_ID": "US-2016-111563",
  "Order_Date": "2016-11-04",
  "Customer_ID": "SM-20005",
  "State": "Texas",
  "Region": "Central",
  "Category": "Furniture",
  "Sub_Category": "Furnishings",
  "Sales": "11.38",
  "Quantity": "3.0",
  "Discount": "0.6",
  "Profit": "-5.69"
}, {
  "Order_ID": "US-2016-111563",
  "Order_Date": "2016-11-04",
  "Customer_ID": "SM-20005",
  "State": "Texas",
  "Region": "Central",
  "Category": "Furniture",
  "Sub_Category": "Furnishings",
  "Sales": "66.11",
  "Quantity": "4.0",
  "Discount": "0.6",
  "Profit": "-84.29"
}, {
  "Order_ID": "CA-2014-103086",
  "Order_Date": "2014-10-17",
  "Customer_ID": "EB-14170",
  "State": "Texas",
  "Region": "Central",
  "Category": "Furniture",
  "Sub_Category": "Furnishings",
  "Sales": "5.31",
  "Quantity": "2.0",
  "Discount": "0.6",
  "Profit": "-1.59"
}, {
  "Order_ID": "US-2016-105452",
  "Order_Date": "2016-07-28",
  "Customer_ID": "BF-11005",
  "State": "Texas",
  "Region": "Central",
  "Category": "Furniture",
  "Sub_Category": "Furnishings",
  "Sales": "24.7",
  "Quantity": "5.0",
  "Discount": "0.6",
  "Profit": "-9.88"
}, {
  "Order_ID": "US-2016-105452",
  "Order_Date": "2016-07-28",
  "Customer_ID": "BF-11005",
  "State": "Texas",
  "Region": "Central",
  "Category": "Furniture",
  "Sub_Category": "Furnishings",
  "Sales": "302.72",
  "Quantity": "5.0",
  "Discount": "0.6",
  "Profit": "-378.4"
}, {
  "Order_ID": "CA-2014-169019",
  "Order_Date": "2014-07-26",
  "Customer_ID": "LF-17185",
  "State": "Texas",
  "Region": "Central",
  "Category": "Furniture",
  "Sub_Category": "Furnishings",
  "Sales": "17.5",
  "Quantity": "3.0",
  "Discount": "0.6",
  "Profit": "-10.06"
}, {
  "Order_ID": "CA-2014-113257",
  "Order_Date": "2014-12-16",
  "Customer_ID": "SC-20305",
  "State": "Texas",
  "Region": "Central",
  "Category": "Furniture",
  "Sub_Category": "Furnishings",
  "Sales": "8.62",
  "Quantity": "7.0",
  "Discount": "0.6",
  "Profit": "-2.59"
}, {
  "Order_ID": "CA-2016-126627",
  "Order_Date": "2016-10-10",
  "Customer_ID": "WB-21850",
  "State": "Texas",
  "Region": "Central",
  "Category": "Furniture",
  "Sub_Category": "Furnishings",
  "Sales": "14.0",
  "Quantity": "4.0",
  "Discount": "0.6",
  "Profit": "-6.3"
}, {
  "Order_ID": "CA-2014-122609",
  "Order_Date": "2014-11-12",
  "Customer_ID": "DP-13000",
  "State": "Texas",
  "Region": "Central",
  "Category": "Furniture",
  "Sub_Category": "Furnishings",
  "Sales": "25.13",
  "Quantity": "3.0",
  "Discount": "0.6",
  "Profit": "-6.91"
}]